2207 2711
980 128 1040 172 lo

96 249 268 289 commodi
290 250 382 285 ratio
401 249 437 284 in
462 249 506 285 iis
529 250 648 286 causis
674 253 839 298 apparet,
871 262 962 298 quas
995 252 1136 287 Romae
1157 250 1252 285 inter
1275 249 1375 296 ipsos
1399 249 1500 285 cives
1523 249 1570 285 ab
1597 249 1677 285 eius
1697 250 1848 299 generis
1873 251 1932 286 iu-

96 319 233 356 dicibus
260 316 429 354 diffinitas
460 316 634 353 videmus.
688 318 783 353 Nam
809 327 856 353 ne
889 317 936 354 de
963 312 1278 364 assertionibus¹J
1308 315 1447 363 loquar,
1484 326 1563 352 cum
1593 325 1727 352 causae
1759 316 1933 352 liberales

94 386 164 422 rite
184 383 233 421 nd
261 383 501 420 centumviros
530 383 592 420 vel
622 383 670 420 ad
698 394 805 419 unum
835 383 986 420 iudicem
1015 379 1318 431 pertinum-inv),
1354 383 1486 423 aerarii
1516 382 1578 418 vel
1609 382 1685 418 fisci
1716 384 1837 418 causis
1861 393 1933 418 non

95 451 269 499 defuisse,
294 451 345 487 ita
372 454 411 487 ut
435 461 456 487 e
480 450 770 498 reipublicae
795 450 1019 487 commodo
1036 451 1239 497 videbatur,
1260 450 1398 487 diserte
1422 446 1657 497 docemura).
1687 450 1826 497 Atque,
1851 461 1931 486 cum

93 518 312 567 reipublicae
336 517 505 565 imprimis
529 517 737 564 interesset,
759 520 799 552 ut
822 517 944 567 legum
968 518 1142 554 sanctitas
1164 517 1346 554 coleretur
1374 520 1412 553 et
1436 517 1711 567 magistratuum
1737 517 1933 552 auctoritas

95 586 248 632 valeret,
278 587 314 620 in
344 585 476 628 causis,
507 584 566 619 ubi
594 584 712 619 altera
740 587 820 619 utra
847 584 950 619 laesa
976 585 1179 632 videbatur,
1209 588 1488 631 recuperatores
1516 585 1623 619 datos
1655 595 1740 619 esse
1765 584 1933 632 legimus.

94 652 202 688 Vires
222 654 328 688 certe.
346 649 536 697 praetoriS,
557 649 650 685 sicut
681 652 719 685 et
741 649 891 686 aliorum
919 633 1190 700 magistratuum
1219 652 1255 687 in
1287 650 1612 687 animadvertendo
1642 650 1780 697 positas
1804 649 1931 696 fuisse,

95 717 315 755 notissimum
338 720 409 753 est.
458 714 609 761 Quando
634 718 755 751 autem
787 715 922 763 aliquid
946 717 981 751 in
1005 716 1110 753 edicti
1138 717 1325 753 ludibrium
1348 718 1399 753 ita
1424 718 1650 753 commissum
1672 720 1764 761 erat,
1791 721 1829 751 ut
1853 717 1932 763 ipsa

93 786 187 823 adeo
217 784 396 832 praetoris
425 783 621 821 auctoritas
659 785 864 830 contempta
901 783 1107 830 videretur,
1142 788 1418 831 recuperatores
1459 784 1639 821 dabantur
1676 784 1931 830 praetorisque

94 862 222 889 munus
246 851 283 887 in
313 848 720 887 animadvertendo
751 849 903 896 positum
938 848 1224 900 significaturq.
1271 852 1361 887 'l'um
1392 852 1428 887 in
1459 852 1618 897 actione,
1658 860 1731 898 qua
1764 849 1933 886 utebatur

94 923 267 967 patronus
301 928 325 954 a
358 917 488 955 liberto
526 919 650 953 contra
688 916 867 962 praetoris
900 916 1056 954 edietum
1090 917 1125 952 in
1162 917 1217 953 ius
1255 923 1404 954 vocatus
1432 920 1512 966 quis
1546 918 1626 964 ipsa
1663 917 1781 953 verba
1815 927 1932 964 „con-

93 991 150 1024 tra
174 980 354 1024 edictum“
378 985 415 1023 in
439 983 625 1023 formulam
646 983 726 1020 sine
757 993 868 1020 causa
891 984 1027 1020 inserta
1053 980 1266 1032 putabitss‘?
1305 985 1408 1034 Quid,
1432 985 1526 1034 quod
1550 985 1597 1022 de
1624 984 1760 1020 iniuriis
1785 993 1932 1032 quoque

93 1065 130 1095 m
150 1054 274 1104 legum
297 1051 488 1089 ludibrium
514 1051 637 1099 illatis,
668 1054 947 1097 recuperatores
971 1047 1257 1098 iudicabant⁶]?
1304 1054 1382 1088 Nec
1410 1054 1515 1088 aliter
1540 1052 1586 1088 de
1607 1053 1643 1087 vi
1669 1052 1838 1087 bonorum
1866 1062 1930 1085 ra-

94 1127 233 1170 ptorum
258 1119 400 1156 actione
429 1117 659 1157 statuendum
688 1113 810 1165 est7).
863 1118 952 1154 Nam
982 1118 1095 1154 omnis
1128 1116 1311 1155 Ciceronis
1342 1131 1404 1166 pro
1428 1120 1545 1155 Tullio
1574 1119 1686 1155 oratio
1713 1103 1794 1155 eam
1816 1118 1928 1154 babet

93 1188 261 1234 indolem,
286 1195 358 1233 qua
380 1184 656 1232 demonstretur,
683 1184 860 1221 actionem
888 1185 927 1220 vi
955 1185 1126 1220 bonorum
1154 1188 1335 1232 raptorum
1360 1186 1489 1222 idcirco
1514 1186 1741 1222 constitutam
1766 1194 1864 1231 esse,
1889 1187 1930 1219 ut

94 1255 264 1301 homines,
293 1252 353 1300 qui
375 1263 398 1289 e
422 1252 598 1289 bellorum
620 1251 774 1288 civilium
796 1255 959 1299 tempore
982 1262 1120 1288 summa
1141 1262 1221 1288 cum
1244 1252 1463 1300 impudentia
1486 1253 1558 1289 vim
1582 1256 1620 1289 et
1639 1252 1785 1300 rapinas
1808 1251 1928 1300 palam

94 1323 322 1368 exercerent,
343 1318 473 1355 iudicio
494 1319 761 1366 recuperatorio
787 1322 1051 1355 coercerentur.
1093 1319 1271 1367 Reliquas
1296 1319 1452 1368 denique
1476 1331 1607 1357 causas
1627 1319 1931 1367 recuperatorias,

95 1399 189 1438 quae
211 1375 259 1424 ab
284 1386 489 1423 auctoribus
511 1385 667 1432 antiquis
689 1389 1008 1421 commemorantur
1019 1382 1086 1433 Β),
1118 1386 1246 1422 eodem
1276 1387 1419 1433 publico
1443 1388 1599 1423 civitatis
1620 1388 1806 1423 Romanae
1829 1395 1930 1421 eom-

94 1455 199 1492 modo
222 1452 412 1501 complecti
433 1451 564 1488 saltem
583 1462 706 1500 posse,
732 1451 803 1487 iam
826 1454 912 1487 ante
934 1450 1180 1488 Collmannum
1191 1448 1240 1500 9)
1264 1452 1474 1489 Huschkius
1495 1449 1702 1501 docuit¹⁰).

265 1555 435 1594 Ceterum
457 1566 552 1604 quae
578 1556 629 1592 ita
651 1555 834 1602 disputata
857 1558 958 1601 sunt,
981 1556 1088 1592 etiam
1111 1560 1404 1603 recuperatorum
1426 1568 1592 1605 numero,
1625 1557 1692 1592 nisi
1711 1555 1808 1603 apud
1832 1555 1927 1590 invi-

93 1622 241 1676 tasin),
266 1624 410 1673 probari
430 1626 563 1671 potest.
610 1623 848 1659 Numerorum
871 1623 963 1659 enim
985 1624 1180 1661 auctoritas
1201 1636 1307 1672 quum
1332 1625 1367 1660 in
1395 1625 1487 1660 omni
1509 1625 1746 1660 Romanorum
1769 1622 1927 1670 antiqui-

93 1699 170 1732 tate
190 1687 393 1740 valuit¹²],
414 1694 488 1726 tum
506 1690 615 1727 etiam
637 1690 675 1725 in
695 1689 774 1726 iure
794 1700 866 1726 non
888 1690 1114 1741 negligenda
1136 1688 1283 1740 estu).
1310 1692 1615 1739 Recuperatorum
1635 1700 1724 1727 vero
1744 1699 1926 1738 numeru-«³,

150 1838 185 1876 1)
210 1838 298 1867 Suet.
317 1833 444 1867 Domit.
465 1836 496 1865 8.

151 1900 184 1932 2)
207 1897 248 1926 V.
270 1894 395 1923 doctam
417 1892 606 1922 Collmanui
632 1894 870 1933 expositionem
896 1904 918 1933 Ρ
950 1896 999 1923 78.
1027 1904 1064 1933 sq
1097 1902 1128 1923 et
1152 1895 1192 1923 cf.
1215 1893 1573 1934 Bethmaun·Hollweg.
1595 1892 1680 1932 disp.
1699 1891 1738 1921 de
1758 1891 1870 1922 Cviriu
1891 1892 1929 1921 in

208 1943 262 1977 ill.
281 1942 436 1984 Savigny,
456 1941 625 1972 Eichhorn
646 1951 677 1972 et
693 1942 841 1972 Goschen
861 1942 988 1974 Ztsehr.
1012 1942 1034 1971 f.
1056 1942 1087 1972 h.
1111 1944 1183 1972 Rw.
1206 1948 1231 1973 5.
1257 1954 1288 1983 Ρ.
1313 1946 1375 1973 121.
1397 1953 1468 1982 sqq.

150 2005 184 2040 3)
209 2000 295 2032 Suet.
319 2002 408 2031 Nero
431 2005 478 2033 1¹7.
499 2002 539 2033 cf.
560 2002 640 2043 Leg.
662 2001 931 2031 Pseudo-Mamil.
957 2012 983 2034 ο,
1004 2006 1033 2031 5.
1054 2002 1127 2037 „ita
1149 2011 1185 2030 ut
1206 2012 1221 2030 e
1242 2013 1277 2030 re
1298 2001 1426 2041 publica
1447 2017 1484 2024 -
1503 1999 1709 2031 videbitur.“

152 2063 186 2099 4)
212 2053 279 2093 eie.
300 2071 332 2101 p.
357 2059 446 2093 Tull.
467 2063 515 2090 ιο.
536 2068 568 2089 et
586 2063 634 2093 ιι.
1018 2065 1052 2090 ω
1077 2061 1145 2093 (Μ.
1167 2063 1197 2097 4,
1221 2064 1269 2090 46.

151 2125 184 2158 6)
208 2119 294 2151 Gell.
313 2124 366 2157 2⁰,
387 2122 414 2152 1.
436 2119 476 2149 cf.
499 2119 567 2153 Cio,
588 2120 626 2150 de
647 2120 773 2152 invent.
794 2123 826 2158 2,
847 2123 894 2154 80.
914 2121 1007 2152 Auct.
1029 2121 1067 2150 ad
1091 2121 1230 2152 Hei-eun.
1251 2120 1282 2156 2,
1302 2121 1349 2149 13.

152 2182 185 2215 7)
209 2179 277 2212 cic.
300 2189 348 2212 or,
367 2189 401 2219 Ρ.
421 2177 511 2208 Tull.
534 2179 663 2215 §.—!0.
1013 2182 1046 2215 8)
1072 2179 1139 2210 cic,
1160 2189 1194 2218 Ρ.
1214 2177 1338 2210 Caecin.
1359 2180 1387 2207 1.
1407 2177 1478 2208 Gai.
1503 2180 1534 2214 4.
1555 2180 1602 2210 46.
1623 2181 1693 2209 185.

151 2239 185 2277 9)
209 2249 242 2279 p.
262 2242 311 2268 83.
333 2249 407 2278 sqq.
995 2240 1047 2275 10)
1072 2248 1104 2278 Ρ.
1126 2240 1191 2268 224.
1213 2247 1282 2276 sqq.

131 2299 186 2331 11)
209 2296 287 2326 Sell.
308 2307 340 2337 Ρ.
361 2299 427 2328 198.
450 2306 521 2336 sqq.
562 2296 663 2335 Quam
691 2296 813 2326 incerta
839 2306 918 2326 vero
944 2296 981 2325 in
1007 2295 1125 2325 talibus
1153 2294 1304 2324 utilitatis
1329 2294 1414 2324 ratio
1441 2295 1498 2331 sit,
1527 2295 1583 2326 vel
1610 2307 1651 2326 ex
1676 2306 1715 2326 eo
1740 2295 1926 2339 colligetur,

208 2345 297 2386 quod
316 2345 445 2376 eandem
467 2344 565 2374 unius
588 2344 710 2375 iudicis
729 2345 856 2375 dationi
877 2344 1004 2374 subesse
1028 2344 1120 2374 docet
1142 2354 1175 2384 p.
1199 2346 1262 2373 199.

131 2405 185 2439 ⁴18)
207 2403 370 2441 Niebuhr,
391 2405 426 2435 R.
449 2403 487 2436 G.
510 2406 540 2440 1,
560 2406 627 2433 273.
649 2406 717 2433 8³8.
738 2407 806 2435 8³¹.
826 2406 894 2436 875.
914 2406 982 2435 3⁹5³.
1003 2405 1069 2432 49⁰.
1090 2405 1156 2434 57³.
1178 2404 1244 2432 6⁰1.
1266 2405 1297 2438 2,
1317 2405 1366 2436 81.
1386 2405 1435 2432 54.
1456 2406 1504 2436 9³.
1525 2412 1558 2433 et
1577 2403 1620 2434 al·

133 2463 184 2499 n)
207 2462 360 2504 Quinque
380 2463 512 2494 testium
533 2473 606 2492 eum
618 2460 802 2503 libripeude
820 2461 858 2492 in
871 2460 1108 2502 mancipatione
1129 2460 1348 2491 adhibitorum
1365 2462 1567 2493 mentionem
1581 2462 1734 2494 intulisse
1749 2464 1904 2496 sufficiat.
