2207 2711
1043 157 1093 199 ll

146 279 197 315 ris
217 278 476 329 litigationibus
506 278 665 315 valuisse
694 281 852 328 statuas,
887 280 1051 328 quamvis
1081 279 1268 327 aequitate
1302 277 1559 326 quodammodo
1588 281 1625 315 et
1655 276 1810 315 naturali
1840 276 1980 313 ratione

146 349 403 392 temperatum,
432 345 469 382 id
493 346 588 393 quod
612 347 866 393 provocatione
887 346 934 382 ad
958 347 1108 384 alterius
1131 345 1252 394 populi
1272 345 1410 381 iudices
1431 342 1658 394 concessa‘)
1682 345 1814 381 firmari
1834 344 1980 392 poterit.

146 413 242 450 Nam
266 413 334 450 hoc
357 412 442 449 nihil
465 412 597 460 firmat,
632 412 728 460 quod
751 413 1018 450 Atheniensium
1038 413 1127 451 socii
1151 409 1307 457 ὑπήκοοι
1330 422 1410 449 cum
1433 411 1714 450 Atheniensibus
1736 411 1924 462 litigantes
1936 406 1981 459 ²)

147 480 206 517 ius
226 481 381 517 Atticum
412 479 611 530 agnovisse
642 479 811 516 videntur
827 476 891 529 ³),
925 481 1089 528 quamvis
1111 491 1157 517 ea
1177 479 1326 528 iudicia,
1359 478 1602 527 euphemismo
1626 478 1732 514 δικῶν
1751 476 1824 514 ἀπὸ
1845 474 1984 524 συμβό-

148 547 222 583 λων
241 548 381 584 nomine
400 547 589 596 insignita,
615 546 739 594 procul
767 546 873 582 dubio
894 546 1138 595 frequentiora
1163 558 1269 596 quam
1291 547 1364 583 alia
1388 546 1549 585 eiusdem
1570 546 1720 597 generis
1743 545 1896 582 Athenis
1916 555 1981 582 es—

147 619 241 652 sent.
288 614 429 662 Quippe
453 611 549 654 ῗσας
569 616 608 649 et
632 610 760 658 ὁμοίας
786 613 911 655 δίκας
930 615 1173 652 Athenienses
1197 615 1303 651 sociis
1325 624 1395 650 non
1418 609 1703 663 praebebuntq-

322 681 400 718 Sed
431 692 537 728 quum
567 680 629 716 illa
659 680 806 728 iudicia,
837 692 858 717 e
890 682 985 730 inre,
1017 682 1110 730 quod
1136 683 1298 732 gentium
1323 682 1446 719 dicere
1470 682 1573 729 licet,
1606 681 1781 731 originem
1807 679 1983 728 ceperint,

149 749 217 785 hoc
240 747 500 799 negligendum
522 757 592 782 non
614 750 683 795 est,
705 747 783 783 eius
808 747 894 783 iuris
915 748 1010 795 apud
1035 749 1125 784 alios
1150 759 1293 797 quoque
1315 748 1467 797 populos
1493 748 1644 784 similem
1670 747 1783 785 fuisse
1808 746 1984 783 conditio-

148 827 241 852 nem.
289 814 391 860 Quod
417 825 495 851 cnm
518 813 705 850 foederum
728 814 821 850 iuter
843 815 1105 861 Neapolitanos
1128 820 1166 851 et
1190 812 1461 865 Campanos'),
1489 816 1584 852 inter
1607 814 1771 851 Graecos
1793 818 1832 851 et
1852 813 1983 850 Mace-

150 883 265 920 dones
274 880 318 928 ⁶]
342 882 497 929 denique
517 882 611 917 inter
634 881 775 917 Tuscos
803 884 841 917 et
865 879 1239 931 Carthaginienses⁷]
1263 884 1480 919 sancitorum
1511 882 1621 932 leges
1644 883 1815 932 probant,
1845 884 1921 917 tum
1946 883 1986 917 et

150 951 222 987 alia
246 949 423 997 quaedum
447 958 667 984 communem
690 949 768 985 eius
791 948 878 984 iuris
906 948 1000 995 apud
1031 951 1251 998 antiquitatis
1274 950 1423 997 populos
1450 949 1607 986 indolem
1628 951 1839 985 monstrant.
1886 946 1983 983 Nam

94 1057 100 1063 ,
149 1028 197 1055 ne
217 1017 265 1054 de
286 1016 400 1064 asylis
423 1015 549 1063 dicam,
572 1018 610 1051 et
630 1015 802 1065 Pelasgis
814 1011 857 1063 Β)
882 1018 920 1051 et
940 1015 1069 1053 Italiae
1092 1017 1232 1065 populis
1241 1014 1287 1065 ⁹)
1310 1020 1347 1053 et
1367 1013 1639 1067 Aegyptiisfl)
1664 1019 1703 1053 et
1722 1016 1759 1052 in
1781 1010 1982 1063 Lybia¹¹)

151 1089 190 1122 et
211 1085 307 1133 apud
332 1083 572 1131 Arimphaeos
586 1079 661 1131 ¹²),
686 1082 843 1120 fortasse
868 1082 976 1119 etiam
996 1084 1035 1119 iu
1060 1084 1277 1122 Phoenicum
1301 1081 1524 1134 coloniis⁴³J
1547 1085 1706 1132 usitatis,
1736 1083 1834 1132 apud
1859 1082 1981 1121 Grae-

150 1149 291 1202 cos¹⁴)
319 1155 441 1188 autem
464 1154 538 1188 tam
558 1149 825 1199 frequentibus,
860 1153 898 1186 ut
925 1150 970 1186 iis
998 1155 1128 1199 postea
1156 1163 1180 1189 a
1203 1156 1333 1189 senatu
1355 1153 1515 1188 Romano
1544 1151 1670 1188 modus
1700 1151 1977 1200 praescribere-

151 1217 305 1269 tur¹⁵):
337 1219 468 1267 publici
491 1217 633 1266 hospitii
655 1218 712 1254 ius
730 1218 903 1254 Romanis
923 1215 988 1267 ¹⁶)
1019 1222 1058 1255 et
1077 1220 1207 1257 Italiae
1231 1217 1449 1268 populis¹⁷J
1474 1224 1512 1256 et
1533 1219 1614 1256 aliis
1628 1215 1710 1268 ¹⁸),
1737 1219 1804 1256 sed
1829 1218 1983 1255 Graecis

212 1349 246 1386 1)
271 1346 377 1377 Meiei·
397 1355 428 1375 et
448 1345 573 1376 Sehbm.
596 1354 630 1384 p.
651 1347 718 1376 775.

212 1412 246 1448 2)
269 1406 319 1437 Ad
337 1405 434 1435 huius
457 1412 579 1434 tantum
600 1403 726 1446 generis
746 1402 869 1435 iudicia
887 1413 919 1436 et
938 1405 1220 1448 grammaticorum
1243 1405 1280 1436 de
1302 1405 1401 1437 sociis
1422 1405 1519 1437 verba
1533 1405 1694 1437 referenda
1715 1415 1780 1436 esse
1802 1414 1895 1435 nemo
1918 1413 1984 1433 non

269 1455 369 1486 videt.
410 1454 532 1483 Eodem
553 1452 718 1493 pertinent
739 1464 818 1493 quae
838 1454 876 1484 de
895 1456 1062 1496 Aeginetis
1081 1456 1238 1495 Epidauri
1259 1456 1465 1496 litigantibus
1487 1456 1584 1485 tradit
1603 1455 1757 1485 Herodot.
1777 1459 1808 1487 ³.
1832 1456 1881 1485 8³.
1921 1454 1983 1481 Ita-

269 1514 331 1546 que
354 1501 516 1533 Boeckhii
535 1500 722 1532 coniectura
745 1502 892 1541 (Staatah.
915 1507 941 1536 1.
962 1513 995 1545 p.
1017 1507 1098 1542 435.)
1119 1504 1157 1535 de
1183 1505 1256 1535 foro
1284 1515 1300 1535 e
1321 1504 1393 1535 litis
1414 1504 1636 1535 aestimatione
1656 1503 1784 1536 diverso
1809 1500 1984 1532 neceuaria

271 1566 338 1584 non
361 1552 540 1583 videbitur.

213 1617 247 1652 3)
273 1613 323 1643 Cf.
344 1608 470 1652 praeter
489 1610 628 1650 Hesych.
648 1609 673 1640 l.
696 1621 791 1651 supra
813 1610 836 1641 1.
858 1611 967 1642 Schol.
989 1612 1025 1642 ad
1040 1611 1210 1653 Aristoph.
1225 1611 1312 1642 Plut.
1332 1623 1365 1645 v.
1388 1615 1455 1643 177.
1474 1612 1625 1652 Xenoph.
1645 1611 1682 1641 de
1702 1621 1771 1651 rep.
1793 1609 1983 1640 Atheniens.

271 1667 301 1699 1,
330 1665 374 1694 18.
414 1658 652 1691 casauboniana
677 1670 709 1701 p,
736 1665 784 1694 5⁰.
823 1661 929 1693 Vales.
960 1661 998 1692 ad
1023 1664 1152 1693 Sozom.
1179 1661 1267 1692 Hist.
1295 1661 1372 1696 eccl.
1400 1666 1430 1699 7,
1458 1665 1487 1693 9.
1511 1674 1543 1704 p.
1570 1664 1637 1692 151.
1665 1660 1768 1691 Meiei·
1792 1668 1822 1689 et
1852 1657 1981 1689 Schiim.

270 1724 301 1753 p.
324 1714 391 1741 778.
417 1721 487 1750 sqq.

214 1774 247 1811 4)
272 1768 418 1810 Thucyd.
432 1771 518 1804 5‚27.
532 1765 618 1797 Male
626 1762 715 1797 Gail:
731 1768 862 1799 accorde
871 1769 948 1799 dans
962 1780 1009 1800 ses
1026 1769 1200 1801 tribunaux
1215 1770 1407 1800 uneentiere
1420 1779 1450 1800 et
1457 1769 1588 1812 parfaite
1604 1767 1729 1811 egalite.
1749 1767 1902 1797 Deterius
1917 1765 1988 1798 alii.

272 1821 350 1851 Non
371 1818 486 1854 officit,
515 1816 599 1857 quod
619 1817 831 1848 Athenienses
852 1818 1036 1861 gloriantur
1062 1823 1091 1858 1,
1113 1824 1160 1853 77.
1182 1829 1323 1857 „nostro
1348 1819 1555 1850 incommodo
1580 1817 1815 1859 recuperatoria
1836 1827 1908 1846 cum
1935 1826 1988 1844 so-

272 1879 332 1910 c-iis
353 1876 475 1907 iudicia
494 1876 575 1916 ipsis
595 1875 732 1906 Athenis
753 1877 862 1917 aequis
885 1876 1011 1918 legibus
1034 1874 1088 1913 (ὲν
1108 1877 1185 1913 τοῖς
1211 1869 1352 1916 ὁμοίοις
1372 1868 1496 1916 νόμοις
1518 1878 1541 1906 i.
1570 1888 1595 1909 e.
1625 1877 1694 1906 sive
1722 1876 1806 1906 civis
1830 1885 1904 1904 reus
1926 1883 1987 1910 est,

273 1929 343 1958 sive
359 1925 482 1962 socius)
503 1924 774 1954 constituentes“.
806 1925 857 1956 Ibi
874 1926 960 1955 enim
982 1917 1104 1966 ὁμοῖοι
1121 1918 1224 1966 νόμοι
1244 1927 1421 1967 speciosius
1435 1935 1728 1956 commemorantur
1748 1936 1844 1966 quam
1864 1924 1987 1955 verius.

216 1995 249 2026 5)
272 1988 373 2018 Dion.
394 1986 473 2014 Exc.
493 1983 602 2026 legatt.
624 1994 656 2024 p.
676 1987 744 2014 738.
1073 1987 1106 2023 6)
1131 1986 1208 2015 Liv,
1229 1989 1278 2021 39,
1300 1990 1344 2015 25.
1367 1989 1413 2015 26.

216 2044 249 2078 7)
275 2037 407 2068 Aristot.
429 2035 467 2064 de
490 2044 557 2075 rep.
580 2037 610 2071 3,
630 2039 661 2068 5,
683 2038 729 2064 1⁰.

216 2102 248 2135 S)
274 2099 323 2127 De
343 2094 479 2125 Iunonis
500 2092 589 2133 asylo
607 2092 745 2123 Troiana
765 2105 797 2126 v.
819 2096 907 2126 Serv.
929 2094 965 2124 ad
990 2097 1068 2126 Aen.
1089 2097 1118 2130 2,
1141 2097 1207 2123 761.
1229 2103 1259 2123 et
1283 2098 1312 2129 6,
1334 2097 1398 2122 505.

217 2160 249 2195 9)
276 2156 323 2187 Cf.
344 2154 417 2185 Neu
438 2152 476 2182 de
497 2152 596 2193 asylis
617 2163 649 2192 p.
670 2156 716 2185 22.
739 2161 770 2183 et
789 2163 821 2193 p.
849 2157 895 2184 1⁰.
1060 2156 1109 2190 10)
1136 2153 1254 2182 Herod.
1277 2156 1305 2188 2,
1335 2155 1394 2182 113.
1432 2151 1543 2182 Strabo
1565 2153 1595 2188 7,
1617 2154 1685 2185 808.

198 2222 250 2254 11)
275 2216 361 2250 Neu,
383 2212 420 2242 de
441 2211 540 2253 asylis
561 2222 593 2253 p.
615 2215 663 2242 25.
1056 2216 1105 2250 12)
1130 2212 1212 2242 Plin.
1237 2213 1277 2241 11.
1299 2213 1338 2241 N.
1363 2215 1392 2247 6,
1418 2215 1461 2241 13.

198 2279 250 2317 13)
274 2273 375 2306 Diod.
397 2275 427 2308 3,
449 2275 514 2304 189.
536 2272 576 2301 cf.
597 2271 675 2302 Flor
707 2276 737 2310 2,
761 2276 806 2306 12.

196 2338 251 2375 14)
273 2332 437 2365 VVachsm.
462 2330 550 2364 Hell.
569 2330 635 2362 Alt.
656 2334 701 2369 11,
730 2336 757 2363 1.
778 2344 810 2375 p.
832 2336 899 2365 188.
920 2336 986 2366 8³0.
1010 2335 1038 2370 1,
1067 2335 1093 2365 1.
1117 2343 1149 2373 Ρ.
1170 2335 1235 2362 109.
1617 2354 1619 2357 ,

196 2400 249 2430 15)
275 2393 387 2425 Strabo
408 2394 439 2428 4,
460 2394 524 2422 641.
547 2391 619 2420 Tac.
640 2393 725 2421 Ann.
748 2396 779 2428 8,
801 2396 848 2423 60.
871 2395 918 2423 64.
940 2395 1070 2422 Sueton.
1092 2392 1197 2422 Tiber.
1219 2394 1268 2420 37.
1294 2391 1462 2432 Augustin.
1484 2391 1522 2421 de
1542 2391 1637 2422 civit.
1662 2392 1723 2421 Dei
1748 2395 1777 2428 1,
1802 2395 1831 2422 2.

198 2459 250 2491 16)
272 2452 350 2483 Liv.
372 2453 403 2486 1,
425 2453 470 2480 45.
495 2454 526 2485 5,
548 2452 585 2479 28
615 2454 662 2482 ὅθ,
683 2449 809 2480 Bockh.
830 2451 928 2491 Corp.
952 2453 1067 2482 lusci-r.
1094 2451 1148 2479 Gr.
1170 2450 1207 2479 T.
1229 2449 1251 2478 l.
1274 2461 1305 2478 n.
1332 2453 1415 2482 1831,

202 2515 250 2552 1¹7)
275 2511 353 2543 Liv.
375 2512 424 2546 2³,
446 2512 474 2541 8.
501 2509 640 2549 Dionys.
664 2514 695 2546 ³,
716 2512 764 2540 ³4.
786 2519 817 2539 et
840 2509 881 2539 al.
1052 2511 1101 2547 18)
1126 2509 1212 2541 Caes.
1233 2509 1260 2538 B
1295 2509 1332 2540 G.
1359 2513 1385 2545 1,
1406 2512 1454 2542 31.
