2177 2755
1040 130 1072 173 5

125 243 317 296 affirmant,
343 251 566 299 antiquitatis
593 244 806 288 testimoniis
839 251 947 299 plane
974 250 1121 287 destitui
1149 251 1449 299 pronunciaverit,
1480 248 1618 287 Seuius
1645 251 1778 294 autem,
1803 246 1973 295 quamvis

124 318 262 368 ingenii
288 318 451 356 acumine
482 323 520 356 et
551 307 748 355 studiorum
778 319 941 356 sollertia
970 320 1033 355 vir,
1058 319 1232 367 eminens,
1257 317 1326 354 hoc
1350 317 1569 365 potissimum
1595 326 1620 353 a
1645 315 1796 363 reliquis
1811 313 1972 355 ‚dissen-

125 385 205 432 tiat,
229 384 327 432 quod
350 386 459 422 etiam
479 386 741 433 provinciarum
771 385 909 422 iudices
940 396 1066 422 omnes
1092 385 1360 433 recuperatorio
1388 384 1530 420 nomine
1557 381 1812 429 comprehendi
1836 379 1969 417 existi-

124 447 266 502 matf).
313 450 418 498 Quae
440 452 621 490 sententia
649 464 758 502 quum
779 451 933 489 alterum
959 452 1014 490 rei
1047 456 1197 489 nostrae
1229 451 1412 489 cardinem
1439 459 1560 500 paene
1582 448 1736 497 evertit,
1763 448 1800 484 in
1823 446 1968 496 publico

124 519 281 555 civitatis
304 520 491 556 Romanae
516 520 701 556 commodo
722 521 875 567 positum
899 524 940 556 ct
964 531 987 556 a
1013 519 1223 557 Collmanno
1256 519 1415 569 egregie
1439 521 1692 561 monstratum,
1720 526 1791 563 quo
1822 514 1967 550 sublato

124 585 188 622 vix
213 586 401 634 quisquam
427 587 612 635 explicare
637 588 780 636 poterit,
807 588 867 635 qui
890 586 1021 624 factum
1046 588 1106 637 sit,
1131 590 1171 624 ut
1197 590 1272 624 tam
1296 596 1382 623 sero
1393 581 1439 634 ²]
1463 583 1734 632 recuperatoria
1756 580 1889 618 iudicia
1907 580 1965 617 in-

124 656 182 688 ter
208 653 310 689 cives
333 655 499 689 constitui
527 655 726 700 potuerint,
756 657 831 689 tum
861 664 909 690 ex
938 655 1042 690 unico
1071 654 1151 690 fere
1175 653 1320 700 Apuleii
1345 649 1483 700 lot-0³)
1507 652 1645 687 eruitur
1667 648 1726 697 [si
1746 649 1816 684 hoc
1837 658 1967 685 eruere

124 724 198 767 est,
231 731 301 757 non
329 718 579 769 hallucinari),
605 721 640 757 in
669 731 741 769 quo
763 720 1016 758 Madaurensis
1040 721 1275 770 philosophus
1298 718 1548 766 θεσμοθετῶν
1568 717 1783 755 vocabulum
1807 726 1857 752 ex
1881 714 1968 751 Ari-

122 788 266 824 stotelis
286 788 376 823 libro
385 788 432 835 ⁴]
453 792 743 835 recuperatorum
759 789 1011 836 ,appellatione
1035 789 1204 836 reddidit,
1227 790 1328 823 cuius
1351 792 1473 823 tamen
1495 787 1551 823 rei
1572 788 1721 834 praeter
1742 794 1836 831 eam,
1859 793 1968 829 quam

122 853 262 891 Sellius
285 858 357 891 tam
386 855 576 892 artificiose
602 854 828 905 excogitavit
851 865 1010 904 causam,
1033 856 1142 893 etiam
1164 855 1259 892 aliae
1283 866 1425 903 eaeque
1451 854 1633 902 iustiores,
1657 850 1781 890 afferri
1806 851 1971 899 possunt.

118 907 216 957 Nam
239 922 388 968 primum
410 922 552 969 quidem
582 922 690 957 etiam
720 928 793 956 tum
818 923 991 969 temporis
1018 925 1311 969 recuperatorum
1338 926 1444 958 extra
1467 922 1618 969 primum
1643 920 1743 956 urbis
1767 917 1969 955 milliarium

122 984 193 1036 [ad
217 988 332 1025 solam
357 988 450 1025 enim
475 987 736 1036 provinciarum
759 986 908 1024 formam
930 988 1160 1025 decurionum
1189 988 1436 1036 municipalem
1458 988 1621 1026 ordinem
1641 998 1712 1024 non
1734 985 1876 1023 referre
1898 983 1969 1020 de-

121 1055 233 1092 bebat
257 1051 421 1103 Sellins)
444 1055 583 1090 solum
604 1053 833 1091 iudicantium
858 1055 1043 1091 consilium
1067 1059 1123 1103 et,
1154 1058 1193 1091 ut
1217 1055 1266 1090 ita
1291 1055 1406 1091 dicam
1434 1056 1628 1105 collegium
1652 1054 1738 1101 suit,
1764 1051 1860 1101 qnod
1886 1061 1967 1087 cum

119 1121 182 1158 illo
208 1122 328 1158 Attico
352 1121 613 1170 quodammodo
645 1122 843 1169 comparari
871 1122 1040 1170 potuerit.
1087 1121 1231 1158 Deinde
1257 1123 1325 1158 sub
1356 1122 1446 1170 ipsis
1476 1121 1729 1159 thesmuthetis
1758 1120 1863 1160 δίκας
1889 1113 1965 1153 ἀπὸ

120 1186 311 1235 συμβόλων
334 1185 489 1237 [iudicia
511 1185 805 1237 recuperatoria)
831 1188 964 1237 fuisse,
992 1189 1064 1225 lul.
1084 1188 1228 1224 Pollux.
1263 1189 1400 1225 diserte
1432 1186 1607 1237 tradit5).
1655 1188 1826 1236 Denique
1855 1195 1962 1222 nemo

118 1255 319 1304 mirabitur,
351 1257 383 1292 si
408 1255 467 1292 dei
492 1253 739 1304 „imperium“
764 1256 975 1293 describens
1000 1256 1193 1304 Apuleius,
1223 1256 1279 1292 vir
1307 1257 1396 1292 iuris
1420 1257 1528 1293 etiam
1554 1256 1809 1304 peritissimuS,
1840 1251 1889 1290 ad
1920 1262 1967 1287 ea

117 1322 265 1370 iudicia,
298 1334 393 1370 quae
424 1334 513 1370 prae
544 1323 625 1359 aliis
652 1324 836 1371 imperio
866 1324 1140 1360 continebantur
1151 1319 1194 1371 ⁶)
1226 1324 1447 1370 potissimum
1478 1324 1737 1374 cogitationem
1759 1320 1967 1358 intenderit.

117 1391 262 1440 Neque,
286 1390 422 1438 opinor,
445 1390 495 1426 ita
513 1388 640 1426 cicero
658 1392 692 1425 in
713 1391 877 1426 oratione
895 1401 960 1438 pro
978 1390 1107 1426 Flacco
1118 1387 1162 1439 ⁷]
1185 1395 1481 1437 recuperatorum
1503 1390 1719 1428 vocabulum
1739 1393 1826 1426 ante
1849 1381 1966 1424 verba

116 1467 255 1506 „causa
278 1452 587 1506 cognosceretur⁶⁶
610 1457 803 1504 posuisset,
820 1440 892 1493 nec
914 1458 950 1492 in-
973 1457 1127 1493 Verrina
1140 1453 1182 1505 ⁸]
1206 1455 1409 1494 Siculorum
1431 1458 1487 1494 ius
1512 1461 1550 1494 et
1571 1457 1780 1494 iudiciorum
1802 1454 1964 1491 ordinem
2021 1504 2024 1511 ,

117 1524 256 1560 disente-
284 1533 494 1571 exponens,
524 1522 678 1559 iudicum
710 1524 857 1571 potius7·
874 1525 982 1575 qupm
1011 1527 1307 1570 recuperatorum
1331 1534 1462 1561 nomen
1493 1527 1703 1561 constanter
1725 1522 1963 1568 adhibuisset,
2014 1515 2022 1537 ‘¹

116 1602 163 1628 ne
185 1590 222 1627 id
243 1590 377 1638 dicam,
401 1590 464 1625 vix
487 1589 565 1626 fieri
589 1589 767 1638 potuisse,
799 1590 884 1637 quin
910 1593 985 1626 tam
1008 1589 1159 1627 definita
1187 1594 1226 1627 et
1248 1591 1515 1639 circumscripta
1537 1594 1830 1639 recuperatorum
1852 1589 1963 1635 notio,

115 1659 147 1696 si
168 1668 324 1707 unquam
348 1656 497 1706 fuisset,
520 1661 582 1694 aut
607 1668 629 1695 e
651 1656 731 1695 Gaii
754 1656 881 1695 verbis
898 1660 962 1694 aut
985 1668 1035 1695 ex
1058 1660 1112 1694 tot
1138 1657 1291 1695 aliorum
1312 1658 1410 1707 apud
1433 1662 1606 1697 auctores
1628 1662 1782 1696 veteres
1800 1652 1960 1694 locorum

116 1736 185 1762 uno
208 1725 339 1761 saltem
363 1725 494 1761 clarius
519 1725 755 1761 elucesceret.

285 1802 416 1851 ltaque
444 1802 492 1839 de
520 1802 651 1839 iudicio
677 1802 946 1850 recuperatorio
977 1813 1086 1851 quum
1114 1803 1298 1850 repetitae>
1330 1807 1368 1839 et
1395 1803 1554 1839 uberiori>
1582 1803 1638 1840 rei
1663 1802 1872 1840 tractationi
1899 1800 1958 1837 hic

113 1870 214 1906 loeus
237 1879 307 1905 non
329 1871 390 1917 sit,
413 1870 596 1906 adnotatio
616 1874 736 1906 tamen
761 1870 903 1905 veniam
923 1869 1085 1916 habebit,
1105 1869 1153 1905 ad
1178 1870 1273 1905 Livii
1297 1870 1426 1918 locum,
1452 1870 1487 1905 in
1507 1870 1815 1906 commentationis
1838 1868 1959 1905 fronte

111 1937 326 1984 indicatum,
359 1938 541 1985 apposita,
576 1936 673 1983 quod
706 1937 736 1972 is
767 1923 869 1972 locus
898 1947 989 1984 prae
1018 1936 1099 1972 aliis
1127 1936 1232 1973 huius
1265 1937 1489 1985 antiquitatis
1519 1937 1759 1986 indagatores
1792 1937 1958 1984 vexavit,

174 2086 203 2116 ι)
229 2092 261 2121 Ρ.
283 2084 340 2111 384
375 2091 446 2120 sqq.
772 2110 778 2116 ,
1054 2083 1088 2114 2)
1114 2081 1163 2110 Cf.
1185 2081 1296 2121 ipsum
1309 2081 1404 2111 sellii
1425 2081 1547 2112 librum
1562 2093 1593 2122 p.
1608 2084 1674 2114 408.
1689 2093 1761 2123 sqq.
1784 2091 1815 2113 et
1836 2093 1867 2123 p.
1890 2085 1958 2112 415.

169 2143 202 2175 3)
228 2141 277 2169 De
299 2139 421 2169 mundo
445 2150 475 2179 p.
498 2141 568 2169 285.
593 2139 640 2169 ed.
663 2139 753 2169 Basil
784 2151 811 2169 a.
834 2143 918 2170 1³60.
944 2144 991 2180 (p.
1011 2142 1048 2169 74
1081 2140 1128 2168 ed.
1155 2141 1285 2178 Vl'ech.)

169 2202 202 2234 4)
227 2200 241 2227 1
273 2209 304 2239 P·
328 2201 393 2228 4⁰0.
417 2196 517 2227 Bekk.

167 2262 201 2295 ὅ)
226 2258 346 2289 Onom.
367 2261 398 2293 Θ,
425 2259 464 2287 &S
480 2279 489 2292 ,
518 2268 613 2298 quem
636 2258 656 2287 l.
680 2259 745 2287 iam
766 2258 975 2288 laudaverunt
1002 2259 1165 2287 Hermann
1205 2260 1259 2288 Gr.
1282 2259 1443 2289 Smatsalt.
1468 2271 1503 2301 p.
1523 2264 1605 2297 297„
1634 2262 1740 2291 Meier
1766 2269 1797 2290 et
1826 2260 1955 2290 Schoin.

224 2310 288 2337 Att.
307 2309 384 2336 Proc
417 2317 445 2346 p.
460 2310 526 2336 775.
553 2307 600 2339 Cf.
618 2307 708 2337 Phot.
724 2308 801 2338 Lex.
825 2319 857 2348 p.
879 2311 929 2343 50,
950 2311 987 2337 22
1019 2307 1073 2336 ubi
1096 2307 1133 2337 de
1154 2300 1270 2345 ξενίας
1289 2320 1392 2340 cansa,
1415 2309 1518 2340 fidem
1537 2310 1771 2341 thesmotlsttae
1788 2300 1960 2348 σύμβολα

225 2355 464 2387 confirmabant.
510 2355 590 2386 Poll.
612 2356 635 2390 l,
659 2356 683 2388 l.
704 2357 874 2389 Demosth.
897 2356 954 2387 Or.
977 2356 1015 2386 de
1039 2356 1146 2386 Halon
1183 2368 1214 2397 p.
1238 2360 1285 2389 78.

167 2415 201 2451 6)
226 2415 298 2445 Gai.
319 2419 349 2451 ⁴,
375 2418 439 2448 10³.
1053 2418 1086 2451 7)
1111 2426 1142 2456 p.
1164 2415 1211 2448 ΕΙ.
1231 2416 1280 2449 ευ,

164 2474 201 2512 s)
225 2472 256 2510 ι’,
281 2477 325 2507 18.
