2237 2769
1197 131 1260 174 20

298 259 332 296 si
355 258 486 296 nullius
511 257 680 294 momenti
703 255 852 301 fuisset,
882 252 998 289 ternio
1032 263 1156 289 eorum
1181 264 1203 290 e
1228 254 1347 302 prisca
1370 253 1493 302 procul
1520 252 1626 289 dubio
1649 253 1863 302 antiquitate
1886 254 2061 305 originem
2080 264 2145 291 re-

294 330 427 376 petens
448 328 485 361 et
506 325 554 362 ad
578 324 692 361 tribus
715 322 798 359 illas
819 320 1017 357 Romuleas
1038 320 1163 368 utique
1190 321 1398 370 referenda,
1423 331 1542 369 neque
1564 323 1637 357 tam
1659 320 1834 371 religiose
1862 322 2060 360 observata
2080 332 2146 360 09..

296 398 375 443 set,
404 403 526 441 neque
555 393 602 430 ab
632 390 838 428 auctoribus
868 389 978 424 toties
1010 378 1367 438 commemoratw),
1400 389 1512 437 adeo,
1536 391 1577 423 ut
1600 388 1783 435 quinarius
1813 399 1936 426 eorum
1962 376 2144 437 numerus,

293 465 423 514 semel,
449 461 546 510 quod
563 460 694 496 scimus
719 458 899 502 decretus,
926 456 961 490 in
981 465 1093 492 causa
1110 460 1286 505 occurrat,
1309 456 1369 492 ubi
1395 455 1551 504 quinque
1567 454 1734 491 classium
1744 451 1792 504 2)
1816 455 1938 507 imago
1956 456 2006 494 gd
2025 459 2144 494 muta.

292 542 369 572 tam
403 530 538 570 dudum
571 525 828 575 rempublicam
861 523 1047 571 pertinens
1081 523 1213 560 clarius
1248 534 1426 571 expressa
1461 521 1606 558 videtur
1620 517 1679 570 ³).
1741 521 1845 567 Quod
1883 527 2004 561 autem
2038 525 2144 560 unius

293 600 475 639 interdum
498 592 767 642 recuperatoris
789 590 922 627 mentio
946 589 986 625 fit
997 586 1059 638 4),
1085 590 1118 626 is
1139 591 1175 626 in
1199 591 1360 627 omnibus
1381 589 1481 638 locis,
1504 589 1634 636 quibus
1654 589 1845 640 reperitur,
1870 601 1963 628 unus
1986 601 2010 628 e
2030 590 2145 639 plurie

292 670 365 707 bus
385 676 470 704 esse
496 665 636 711 potest,
668 657 967 707 quemadmodum
992 657 1173 693 Lactantii
1203 658 1250 694 de
1282 667 1351 693 uno
1383 658 1639 703 recuperatore
1662 654 1837 707 verbas]
1866 658 1914 694 ad
1945 658 2145 694 ternionem

292 745 417 773 eorum
429 736 550 768 tamen
563 725 759 765 referenda
777 727 873 771 sunt,
893 727 932 760 et
948 723 985 759 in
1000 728 1124 760 nostro
1139 724 1234 761 Livii
1248 724 1326 759 loco
1342 721 1383 759 C.
1399 722 1547 759 Laelius
1561 726 1807 773 recuperator,
1821 724 1894 773 qui,
1907 724 1939 761 si
1954 724 2070 774 opinio
2084 734 2143 762 me

290 813 364 840 non
388 799 502 846 fallit,
532 796 645 845 primo
669 794 750 829 loco
777 792 981 828 nominatus
1011 790 1140 827 iudicio
1171 790 1422 839 praesidebat,
1454 789 1673 838 reliquorum
1703 791 1846 829 nomine
1868 791 1917 829 ad
1940 795 2145 840 praetorem

293 871 341 907 de
364 867 495 905 indicio
510 864 639 901 refert.
685 861 729 897 ln
751 860 841 909 lege
863 862 986 895 autem
1007 858 1141 895 Thoria
1152 855 1197 908 ὅ]
1220 856 1368 903 QUOD.
1393 856 1636 894 lUDICIUM.
1662 857 1833 895 IUDEX.
1856 858 2144 897 RECUPERA-

292 935 397 974 TOR
415 930 488 983 [ve
511 925 737 974 reddiderit)
761 927 892 964 eodem
914 926 992 962 iure
1017 926 1124 961 etiam
1146 925 1324 972 syllabam
1346 925 1432 962 addi
1455 935 1565 973 posse
1586 928 1625 962 et
1643 936 1781 975 „resve
1801 922 2052 964 reddiderint“
2071 937 2144 964 ex-

291 1004 416 1054 primi,
442 1000 523 1049 quis
549 1001 625 1046 est,
650 997 736 1044 quin
761 987 968 1031 concedat?
1016 993 1184 1039 Denique
1216 993 1253 1028 in
1283 992 1371 1042 lege
1402 992 1466 1028 illa
1490 992 1686 1029 multaticia
1698 989 1746 1041 ⁷]
1776 997 1829 1030 tot
1858 994 1975 1031 verba
1999 993 2142 1041 desunt,

294 1069 475 1117 simulque
507 1066 687 1113 scriptura
718 1058 1012 1098 IUDICASSIT
1044 1062 1115 1095 tam
1145 1058 1284 1096 incerta
1318 1061 1387 1107 est,
1411 1061 1463 1108 ut,
1495 1058 1526 1095 si
1549 1058 1596 1096 ad
1628 1063 1922 1108 recuperatorum
1951 1059 2142 1111 eligendo-

290 1150 370 1176 rum
393 1135 538 1173 modum
562 1140 760 1177 eorumque
784 1127 1079 1164 cierationem
1102 1127 1217 1162 locum
1241 1125 1395 1173 referas,
1420 1136 1488 1162 nec
1512 1137 1535 1161 a
1556 1125 1673 1162 Sellio
1696 1127 1933 1178 redargueris
1946 1125 2005 1177 ε),
2031 1131 2069 1164 et
2089 1127 2142 1164 si,

289 1204 364 1243 mul
390 1202 579 1251 aptiorem,
613 1208 722 1246 quam
754 1205 850 1243 quae
876 1189 1114 1239 Huschkio9)
1145 1192 1275 1241 arrisit,
1304 1190 1592 1229 COMMUNEM
1621 1194 1789 1230 vocabuli
1811 1195 2143 1243 interpretationem

292 1271 461 1310 habebis·
508 1267 633 1314 Atque
666 1265 717 1300 ita
746 1272 818 1298 ¹1⁰ss
849 1261 928 1308 erit,
956 1260 1050 1307 quod
1077 1259 1204 1296 Gaium
1233 1259 1437 1309 impugneS,
1466 1259 1526 1307 qui
1555 1264 1834 1308 recuperatores
1858 1262 1967 1298 toties
1988 1272 2061 1298 non
2083 1262 2142 1299 iu-

292 1339 364 1377 dici
395 1335 464 1374 sed
491 1333 566 1370 uni
596 1330 704 1368 iudici
732 1324 971 1378 opponit10).
1030 1328 1134 1374 Nam!
1162 1327 1231 1364 hoe
1260 1326 1410 1364 levioris
1439 1328 1607 1365 momenti
1634 1330 1704 1375 est,
1728 1327 1823 1377 quod
1849 1327 1976 1367 Cicero
1997 1329 2033 1366 in
2057 1340 2141 1367 ora-

293 1407 455 1444 tionibus
493 1412 559 1449 pro
589 1398 748 1436 Caecina
784 1401 821 1433 et
849 1407 914 1444 pro
945 1396 1062 1431 Tullio
1098 1406 1218 1431 coram
1249 1395 1563 1442 recuperatoribus
1591 1395 1723 1432 habitis
1753 1398 1962 1433 constanter
1989 1396 2141 1445 plurium

294 1473 452 1510 iudicum
474 1467 692 1505 mentionem
724 1463 828 1500 facit¹
844 1460 902 1513 ¹).
951 1460 1120 1499 Ceterum
1152 1463 1262 1498 etiam
1291 1461 1428 1498 consilii
1458 1462 1564 1512 illius,
1598 1462 1696 1511 apud
1727 1462 1822 1511 quod
1849 1473 1983 1501 causae
2005 1464 2141 1512 proba-

293 1542 445 1579 bantur-¹
462 1533 524 1586 2),
552 1533 721 1582 quodque
745 1542 792 1568 ne
814 1541 892 1567 cum
915 1526 1078 1579 aliists)
1110 1528 1310 1566 confundas
1342 1528 1546 1565 cavendum
1570 1532 1641 1578 est,
1665 1529 1819 1567 conditio
1842 1529 1940 1568 illam
1962 1530 2009 1568 de
2031 1541 2140 1569 recu-

295 1639 528 1653 --——-——·-

351 1706 386 1744 1)
412 1703 482 1733 Cic,
511 1709 572 1730 act.
595 1702 623 1730 2,
651 1698 686 1727 in
713 1699 805 1728 Verr-
834 1700 866 1733 ³,
892 1698 941 1729 12.
962 1697 1011 1725 21.
1033 1698 1081 1726 5⁰,
1103 1697 1152 1724 60.
1184 1695 1264 1725 Liv.
1291 1698 1341 1731 26,
1371 1697 1420 1727 48.
1460 1695 1529 1724 Nec
1555 1694 1684 1724 ultimis
1711 1695 1912 1736 temporibus
1936 1696 2138 1729 obliteratam

409 1751 511 1782 fuisse
538 1746 702 1778 Lactantii
728 1745 823 1777 verba
850 1752 1019 1780 testantur,
1048 1743 1107 1783 qui
1127 1742 1397 1784 Rhadamanthyn
1423 1752 1682 1783 recuperatorem
1710 1744 1851 1785 appellat
1871 1745 1907 1774 in
1926 1746 2050 1776 Institt.
2071 1747 2139 1781 div.

409 1804 441 1837 3,
463 1802 511 1830 2⁰.
550 1796 634 1827 Nam
662 1805 740 1835 quae
765 1793 884 1823 Sellius
911 1804 945 1834 p.
972 1795 1040 1825 ⁴30.
1067 1791 1105 1821 ad
1130 1791 1218 1821 hunc
1246 1791 1356 1822 locum
1387 1791 1601 1833 excogitavit,
1627 1791 1733 1823 immo
1753 1793 1826 1824 veri
1846 1793 1969 1825 similia
1989 1795 2083 1832 dicit,
2105 1808 2140 1826 ea

409 1859 492 1878 vana
519 1854 606 1880 sunt,
634 1854 733 1883 quum
761 1843 797 1871 de
823 1842 916 1871 rebus
942 1841 1039 1870 sacris
1065 1850 1163 1881 penes
1184 1840 1357 1880 pontifices
1378 1840 1479 1870 fuerit
1498 1839 1669 1873 iudicium.
1710 1840 1777 1873 Cic.
1798 1841 1836 1871 de
1855 1841 1987 1883 harusp.
2007 1853 2092 1885 resp.
2113 1849 2140 1875 7.·

406 1898 447 1929 οἱ,
469 1897 521 1925 Fr.
543 1895 571 1924 2.
594 1894 611 1929 §
632 1896 660 1921 6.
680 1891 757 1932 Dig.
780 1891 816 1920 de
837 1890 916 1931 orig.
937 1889 1001 1922 iur.
1023 1891 1069 1928 (1,
1091 1891 1149 1926 2.).

348 1960 383 1998 8)
407 1956 494 1988 Nam
516 1963 571 1983 sex
592 1950 705 1981 classes
726 1949 825 1980 fuisse
847 1948 963 1990 (Dion.
984 1950 1015 1986 4,
1037 1949 1102 1988 18.)
1123 1946 1236 1985 hodie,
1256 1947 1396 1989 repertis
1418 1947 1585 1979 Ciceronis
1607 1947 1645 1978 de
1665 1959 1733 1990 rep.
1754 1948 1863 1988 libris,
1883 1962 1980 1983 nemo
2001 1953 2115 1984 credit.

349 2019 384 2055 ³)
409 2015 489 2045 Liv.
512 2015 561 2047 43,
584 2014 612 2039 2.

347 2079 382 2113 4)
408 2073 477 2104 Cic.
500 2082 533 2112 p.
555 2069 645 2100 Caec.
666 2071 695 2100 8.
715 2069 763 2103 21,
784 2076 844 2098 act.
864 2070 895 2099 2.
915 2066 953 2097 iu
972 2067 1066 2100 Verr.
1087 2069 1118 2104 8,
1139 2067 1190 2097 11.
1210 2067 1260 2097 29.
1281 2067 1329 2101 49,
1350 2069 1400 2098 60.

347 2138 381 2173 ³)
407 2134 430 2165 l.
452 2132 477 2164 l.

347 2195 381 2233 6)
408 2194 492 2222 Sect.
513 2192 543 2219 2.
565 2199 591 2220 r,
612 2189 662 2219 38.
684 2196 733 2226 ap.
755 2186 876 2217 Marin.
896 2189 925 2219 2.
946 2196 978 2226 p.
999 2187 1081 2221 ⁵69„
1103 2194 1156 2225 ap.
1178 2183 1291 2226 Sigon.
1312 2186 1341 2217 1.
1362 2195 1396 2225 p.
1417 2188 1484 2218 ⁶³8.
1510 2185 1619 2226 (Lips.
1641 2186 1755 2225 1715.).

347 2255 380 2291 7)
406 2253 466 2291 Ap,
489 2246 644 2278 Dirksen.
666 2245 702 2274 in
724 2243 746 2275 l.
765 2244 869 2277 Beitr.
888 2255 916 2275 z.
937 2245 974 2274 K.
996 2243 1027 2273 d.
1051 2254 1076 2276 r.
1096 2244 1135 2273 R.
1156 2254 1189 2284 p.
1211 2245 1400 2277 zie—220.
1419 2254 1453 2277 v.
1474 2247 1521 2277 19.
1541 2253 1572 2274 et
1592 2248 1640 2277 20.

347 2314 381 2350 8)
407 2322 439 2351 p.
461 2311 528 2340 189.
551 2307 590 2337 cf.
613 2316 647 2346 p·
668 2306 734 2335 184.
1234 2303 1268 2341 9)
1293 2313 1326 2343 p.
1346 2304 1414 2332 249.
1435 2305 1503 2333 25⁰.

328 2374 381 2406 ιο)
405 2372 436 2403 4,
459 2370 508 2397 46.
533 2367 598 2395 104.
622 2367 691 2393 105.
713 2364 779 2393 109.
805 2363 873 2392 141.
1219 2361 1272 2399 11)
1296 2371 1331 2402 Ρ.
1351 2360 1441 2391 Caec.
1462 2364 1492 2395 1.
1512 2365 1541 2395 2.
1561 2364 1590 2396 4.
1611 2364 1641 2393 9.
1664 2363 1710 2396 11.
1729 2373 1763 2404 p.
1784 2362 1873 2395 Tull.
1896 2366 1921 2398 ι.
1941 2367 1970 2396 5.
1990 2368 2039 2397 ¹8.

328 2433 382 2466 12)
406 2427 484 2468 Ulp.
506 2428 537 2461 1,
560 2427 632 2456 132.
654 2422 714 2453 Gai
736 2424 764 2452 1.
786 2423 833 2453 20.
855 2419 895 2452 cf.
917 2421 991 2450 Suet
1027 2420 1062 2450 in
1083 2421 1183 2454 Dom.
1202 2423 1231 2453 8.

328 2493 381 2525 13)
408 2484 596 2517 Consilium
625 2482 737 2512 decem
763 2487 948 2509 senatorum
974 2479 1069 2509 etiam
1095 2480 1133 2510 ad
1157 2479 1365 2521 provinciam
1392 2479 1650 2511 constituendam
1681 2481 1790 2513 datum
1816 2483 1916 2515 fuisse
1943 2483 2037 2516 docet
2055 2484 2135 2516 Liv.
