2221 2770
909 102 1150 170 4¹⁵³—

68 230 70 232 ’
122 230 181 268 ubi
209 229 297 279 iege
325 238 395 265 non
424 228 613 265 iubebatur
628 225 684 277 Ι).
716 227 836 266 ‘Unde
865 228 1051 266 divisionis
1083 216 1369 273 fundamentum,
1408 227 1472 263 vix
1498 227 1535 263 in
1557 226 1629 264 alia
1651 237 1692 264 re
1713 229 1869 276 positum
1891 226 1952 265 fu-

120 297 196 334 isse
216 295 332 342 dioes,
354 305 459 343 quam
481 295 516 332 in
535 291 779 347 magistratus
800 296 901 332 cuius
914 296 1070 345 imperio
1086 295 1302 333 finiebantur
1321 293 1452 331 iudicia
1469 294 1641 343 „imperio
1659 289 1950 343 continentiam]

121 364 170 401 de
195 350 324 399 dandis
353 363 415 398 vel
445 373 516 400 non
545 362 676 399 dandis
703 362 878 398 iudicibus
906 364 1091 400 arbitratu.
1145 361 1251 408 Quod
1276 362 1309 398 si
1335 361 1515 408 concedis,
1541 371 1611 398 nec
1632 361 1870 411 legitimorum
1892 361 1951 405 iu-

120 429 290 467 amorum
321 429 472 467 effectus
501 427 707 477 principalis
732 423 798 476 (ut
828 428 901 464 litis
924 429 1141 466 contestatio*
1157 429 1309 465 actionis
1333 428 1562 464 novationem
1585 423 1801 475 exhiberet)
1825 427 1949 476 expli-

119 483 262 534 catione
290 501 397 544 eget,
426 506 495 532 nec
518 496 572 543 id,
604 495 700 542 quod
731 505 906 531 concessa
934 496 1044 532 actori
1065 497 1213 544 primum
1242 496 1297 532 rei
1325 495 1506 531 iudicatae
1529 495 1684 543 actione,
1707 504 1772 531 reo
1793 495 1829 530 in
1849 494 1951 531 litem

48 567 53 572 ”
121 561 301 601 deductae
325 566 364 599 et
387 572 470 598 mox
495 562 574 610 ipsa
598 561 743 597 iudicati
765 559 1046 612 exceptione³)‚
1070 564 1163 600 inter
1185 562 1314 599 iudicia
1337 562 1486 610 imperio
1510 560 1729 598 continentia
1750 564 1863 609 atque
1884 560 1949 598 illa

119 630 283 680 legitima
306 640 410 667 omne
433 629 621 666 evanuerit
644 628 844 666 discrimen.

292 704 334 742 Si
362 706 472 754 igitur
502 706 737 754 magistratus
770 705 924 752 quodam
955 705 1100 741 arbitrio
1132 709 1169 741 et
1198 705 1345 742 decreto
1376 709 1654 753 recuperatores
1682 705 1861 742 dabantur
1888 704 1949 741 vel

120 773 415 822 denegabantur,
448 774 659 819 praesertim
684 773 718 808 in
742 772 786 808 iis
813 773 950 820 causis,
980 773 1028 810 de
1058 765 1185 820 quibus
1210 772 1358 809 foedere
1381 773 1568 821 speciatim
1592 777 1735 811 cautum
1758 783 1830 809 nou
1853 776 1948 818 erat,

118 840 179 877 vei
198 841 239 876 in
259 841 377 876 causis
399 849 520 875 eorum
543 839 781 886 privatorum,
815 850 894 875 cum
920 850 1070 887 quornm
1096 839 1224 886 populo
1246 840 1398 876 amicitia
1418 839 1574 887 tantum,
1604 850 1677 876 non
1696 839 1840 884 foedus,
1867 839 1947 875 Ro-

119 907 234 945 manis
265 905 532 954 intercedebat,
563 905 703 941 iliorum
738 905 835 942 datio
865 906 1006 954 pubiico
1037 907 1191 943 civitatis
1220 906 1401 943 commodo
1428 907 1639 956 regebatur.
1686 905 1792 952 Quod
1824 911 1951 951 tamen,

120 985 227 1024 quum
248 974 354 1010 etiam
381 973 416 1009 in
440 972 670 1009 defendendo
693 973 877 1023 peregrini
900 973 977 1009 iure
1000 978 1039 1010 et
1061 974 1233 1010 inviolata
1256 973 1412 1010 foederis
1438 974 1631 1011 sanctitate
1653 975 1809 1022 positum
1830 977 1946 1022 esset,

119 1040 313 1091 peregrino
339 1041 452 1076 actori
484 1043 760 1088 recuperatores
791 1040 908 1076 rarius
938 1040 1144 1091 denegatos
1168 1051 1253 1077 esse
1275 1041 1444 1086 arbitror,
1474 1041 1575 1077 cives
1597 1042 1732 1090 quippe
1759 1042 1946 1078 Romanos

120 1112 160 1145 et
181 1108 239 1156 qui
266 1118 288 1144 e
309 1108 471 1157 gentium
493 1108 570 1144 iure
594 1107 808 1144 sententiam
833 1106 982 1154 ferrent,
1007 1118 1071 1144 reo
1094 1111 1227 1155 tamen,
1253 1108 1416 1155 quoniam
1439 1109 1704 1156 recuperatoris
1723 1108 1854 1145 iudicia
1875 1118 1951 1144 non
1976 1111 1982 1117 '

117 1174 349 1222 privatorum,
373 1174 440 1210 sed
465 1174 621 1210 civitatis
643 1184 753 1210 causa
776 1174 1072 1223 instituebantur,
1097 1173 1177 1212 fere
1197 1175 1350 1212 iudicem
1376 1174 1515 1223 datum,
1551 1185 1656 1223 quem
1679 1176 1862 1225 peregrini
1886 1175 1945 1211 in-

117 1241 344 1280 terveniente
366 1252 520 1290 persona
542 1240 712 1289 iudicare,
735 1239 849 1277 Gaius
858 1236 904 1290 ⁴)
928 1245 1192 1279 commemorat.
1237 1242 1368 1291 Itaque
1388 1241 1598 1290 pierumque
1618 1242 1672 1278 rei
1693 1240 1807 1279 forum
1823 1243 1860 1278 in
1881 1252 1945 1279 re-

117 1309 351 1357 cuperatoriis
374 1304 517 1357 quidem
542 1308 662 1345 causis
685 1311 726 1344 ut
748 1307 844 1355 apud
869 1307 1049 1357 Graecos,
1080 1309 1132 1345 ita
1161 1309 1257 1357 apud
1280 1305 1516 1356 Romanos']
1540 1308 1653 1345 fuisse
1677 1309 1945 1357 coniiceremus,

116 1376 257 1427 etiamsi
281 1375 348 1413 hoc
370 1375 592 1424 antiquitatis
620 1375 822 1412 testimonio
853 1385 921 1412 non
951 1375 1230 1413 confirmaretur.
1279 1375 1520 1414 Confirmatur
1540 1380 1661 1414 autem
1686 1376 1831 1414 disertis
1851 1376 1943 1414 Dio-

116 1443 210 1491 nysii
232 1443 368 1491 verbis,
392 1442 439 1479 ad
468 1453 563 1490 quae
587 1441 724 1479 Sollius
747 1443 900 1478 animum
923 1453 993 1479 non
1015 1443 1190 1490 advertit,
1216 1455 1430 1492 quamquam
1452 1454 1534 1481 eum
1556 1443 1738 1492 scriptoris
1758 1443 1873 1480 locum
1893 1443 1943 1480 ad

116 1510 189 1547 alia
211 1509 442 1547 monstranda
463 1509 499 1545 in
522 1509 690 1562 auxilium
715 1509 862 1545 vocavit
871 1505 927 1555 ⁶).
973 1510 1054 1548 Nec
1079 1510 1205 1558 officit,
1238 1510 1333 1559 quod
1361 1511 1398 1546 in
1429 1510 1580 1547 foedere
1608 1521 1687 1547 cum
1714 1510 1853 1546 Latinis
1876 1508 1943 1557 Sp.

117 1575 245 1614 Cassio
269 1577 451 1613 Postumio
477 1574 635 1612 Cominio
655 1569 749 1613 coss.
771 1576 869 1613 facto
892 1578 1029 1627 negotii
1056 1578 1155 1627 gesti
1177 1577 1292 1614 forum
1316 1578 1543 1614 constitutum
1567 1588 1651 1614 esse
1676 1577 1835 1614 traditur.
1862 1577 1944 1613 Hoc

116 1645 210 1681 enim
234 1645 313 1680 sine
339 1643 446 1680 dubio
468 1643 655 1693 singulare
678 1643 811 1691 aliquid
835 1643 920 1692 suit,
944 1645 1082 1680 Latinis
1106 1645 1268 1681 Romano
1291 1645 1420 1693 populo
1441 1645 1510 1682 iam
1537 1645 1667 1681 dudum
1690 1638 1939 1681 coniunctissi-

115 1712 183 1747 mis
205 1715 244 1748 et
265 1711 326 1747 illo
350 1711 428 1758 ipso
454 1709 606 1747 foedere
625 1708 976 1762 municipibus⁷)
1001 1711 1106 1748 factis
1129 1722 1351 1749 concessum.

173 1858 206 1891 1)
231 1854 309 1884 Non
323 1853 396 1884 dico
412 1853 449 1884 de
468 1853 552 1895 lege,
573 1864 590 1882 e
604 1864 665 1894 qua
685 1854 769 1884 actio
786 1854 1004 1893 descendebat,
1027 1857 1079 1886 sed
1101 1867 1117 1886 e
1139 1867 1200 1897 qua
1220 1855 1377 1886 iudicium
1393 1854 1656 1887 constituebatur.
1677 1855 1718 1884 cf.
1732 1854 1805 1884 Gai.
1826 1856 1857 1890 4,
1875 1856 1943 1888 109.

173 1916 206 1949 2)
231 1913 300 1946 Gai.
322 1915 349 1945 4.
375 1916 442 1945 ine,
482 1912 586 1942 Nemo
616 1912 703 1942 enim
730 1913 935 1955 magistratus
967 1915 1105 1945 iudicari
1133 1915 1242 1945 iubere
1264 1926 1301 1944 eo
1323 1915 1374 1944 die
1395 1923 1529 1955 poterat,
1554 1925 1618 1954 quo
1640 1914 1787 1955 privatus
1810 1913 1941 1943 futurus

229 1971 321 1994 esset.
363 1962 430 1993 Cic.
463 1961 499 1990 in
534 1962 626 1993 Verr.
659 1965 690 1998 2,
728 1965 774 1993 ¹8.
809 1963 856 1994 Cf.
893 1972 997 1993 tamen
1032 1965 1167 1997 Heffier.
1200 1965 1235 1993 in
1270 1964 1450 1994 Observatt.
1481 1963 1518 1993 ad
1547 1963 1620 1992 Gaii
1646 1974 1764 1994 comm.
1791 1964 1847 1995 lv.
1868 1973 1941 2005 pag.

229 2015 295 2041 τοι.
332 2021 403 2051 sqq.

173 2072 207 2106 ι)
230 2069 300 2099 Gai.
323 2073 352 2104 4,
376 2072 439 2100 1⁰⁷.
1034 2073 1067 2108 4)
1089 2075 1118 2108 4,
1143 2076 1205 2104 ios.

173 2133 206 2164 θ)
229 2128 398 2158 Ciceronis
425 2127 538 2167 utique
565 2136 711 2167 tempore
737 2127 773 2156 in
801 2128 951 2159 omnihus
981 2111 1085 2159 causis
1113 2131 1187 2163 fuit.
1216 2132 1284 2162 Act.
1311 2133 1341 2159 8.
1367 2130 1403 2158 in
1423 2130 1514 2160 Verr.
1540 2131 1572 2164 ⁹,
1598 2131 1644 2160 1³.
1664 2132 1713 2160 8⁷.
1732 2132 1781 2161 88.
1803 2130 1883 2162 niv.
1908 2130 1945 2159 in

230 2177 319 2209 caea.
353 2180 399 2207 17.

172 2246 206 2285 e)
230 2240 290 2274 ἴνα
314 2235 336 2282 ἡ
359 2235 558 2283 ἐγκαλοῦσα
584 2233 719 2280 (πόλις)
750 2235 937 2282 δικάζηται
958 2236 1058 2284 παρὰ
1082 2245 1158 2280 τοῖς
1180 2236 1373 2274 ἀδικοῦσιν.
1414 2243 1492 2274 Sell.
1513 2255 1546 2285 p.
1567 2248 1617 2280 88.
1656 2245 1741 2276 Cave
1762 2255 1881 2283 tamen,
1904 2244 1959 2277 ne'

137 2288 158 2313 .'.
228 2287 470 2381 {iiass’quonysii
487 2291 583 2322 verba
603 2292 714 2321 eodem
735 2292 868 2322 referas:
909 2285 995 2332 ὑπὲρ
1023 2299 1071 2321 ων
1098 2285 1267 2329 ἠδίκηντο
1288 2283 1464 2330 (Ρωμαῖοι
1487 2285 1616 2328 δίκας
1642 2285 1726 2333 παρ’
1748 2285 1941 2323 Ἀλβανῶν

256 2348 280 2370 α
317 2340 390 2371 εῖν.
421 2339 466 2371 ib.
490 2343 538 2373 9⁰.

170 2403 204 2437 ¹1)
227 2400 410 2440 Dionysius
436 2399 512 2430 inde
539 2411 578 2430 ex
604 2399 667 2429 hoc
696 2400 824 2430 foedere
849 2409 1035 2431 constanter
1064 2399 1295 2441 isopolitarum
1330 2400 1463 2430 nornine
1493 2401 1630 2431 Latinos
1658 2402 1814 2444 appellat,
1847 2414 1882 2433 v,
1907 2407 1939 2438 Θ,

227 2452 275 2481 86.
296 2453 344 2480 7⁰.
365 2452 412 2483 78.
435 2453 481 2480 76.
503 2453 550 2484 77.
571 2449 611 2482 cf.
631 2452 662 2486 6,
683 2452 729 2483 63.
771 2449 921 2482 Ceterum
947 2450 1080 2487 Livius,
1108 2449 1169 2490 qui
1195 2449 1290 2480 ctiam
1318 2458 1428 2490 postea
1454 2451 1637 2493 peregrinis
1654 2462 1713 2482 eo·
1733 2452 1939 2483 adnumerare

2210 1924 2221 1936 ‘1

2211 1972 2221 2008 i

2208 2019 2221 2029 ,

2214 2240 2221 2247 .

2215 2284 2221 2293 .

2205 2424 2221 2449 ,ἵ

2201 2451 2221 2484 s

2188 2488 2221 2544 ‚gi

2178 2550 2181 2551 γ
2186 2545 2210 2567 2³

2174 2567 2183 2606 ,ι
2190 2587 2200 2597 ν’

2192 2622 2202 2634 Ι
