2191 2740
1010 124 1042 168 7

96 258 170 296 que
196 245 372 283 materiae
395 248 544 283 nostrae
569 246 717 284 cardine
748 249 787 284 et
816 245 967 295 primum
995 246 1141 296 quidem
1168 246 1217 285 de
1240 244 1499 295 recuperatorii
1525 244 1648 282 iudicii
1673 243 1815 296 origine
1836 245 1952 281 accu-

94 314 210 352 ratius
233 312 496 361 dispiciendum
522 318 592 352 est.

270 391 526 441 Antiquissima
546 392 669 444 igitur,
701 392 734 429 si
763 402 882 431 rerum
906 393 1079 445 ordinem,
1104 396 1277 444 quantum
1302 391 1447 442 quidem
1467 389 1547 429 fieri
1564 393 1699 441 potest,
1722 393 1945 440 spectamus,

96 464 137 498 et
162 458 267 497 simul
299 459 438 508 plenior
466 460 752 509 recuperationis
782 461 916 498 mentio
946 472 971 499 a
1000 462 1177 511 Dionysio
1212 458 1532 499 Halicarnassensi
1561 457 1734 507 habetur,
1775 457 1835 506 qui
1864 457 1949 496 foe-

96 527 188 565 dere
209 527 304 564 inter
323 527 507 565 Romanos
542 531 580 565 et
607 527 758 564 Latinos
786 538 810 564 a
830 526 897 577 Sp.
924 527 1052 566 Cassio
1083 540 1159 567 cos.
1181 529 1253 566 icto
1278 527 1524 565 confirmatam
1548 535 1635 563 esse
1659 521 1852 573 docensl)
1875 534 1946 561 no-

95 593 235 631 tissima
258 593 322 630 illa
343 593 461 631 addit:
499 594 571 629 τῶν
597 606 634 629 τε
657 593 846 630 ἰδιωτικῶν
866 595 1100 641 συμβολαίων
1126 594 1166 631 ἀἱ
1196 597 1307 642 κρίσει
1351 592 1391 630 ἐν
1414 589 1568 640 ἡμέραις
1592 588 1831 639 γενέσθωσαν
1853 589 1951 632 δέκα,

96 657 179 706 παρ’
207 657 262 701 οἷς
288 656 335 695 ἄν
365 663 510 706 γένηται
540 658 582 697 τὸ
613 658 849 708 συμβόλαιον.
902 662 1032 712 anue
1065 663 1156 699 sutis
1180 663 1261 700 dise
1345 660 1456 697 δικῶν
1486 658 1562 696 ἀπὸ
1593 654 1837 708 συμβόλωῃ)
1866 657 1952 695 sive

98 725 172 763 ἀπὸ
199 724 448 777 συνθηκῶνῖ)
476 729 636 776 iurisque
671 729 767 766 inter
801 729 904 767 cives
931 735 970 767 et
999 731 1216 781 peregrinos
1246 729 1357 767 dandi
1384 727 1651 776 repetendique
1679 722 1860 775 [διδόναι
1895 726 1957 760 καὶ

97 790 300 840 λαμβάνειν
323 791 371 830 τὰ
394 792 543 846 δίκαια)
564 796 695 833 mentio
724 799 801 844 est,
832 797 888 834 rei
915 796 1012 845 apud
1036 796 1199 835 Graecos
1225 808 1371 846 quoque
1394 795 1666 834 usitatissimae.
1712 793 1773 831 De
1799 802 1953 842 quorum

98 861 359 899 consuetudine
383 867 422 899 et
445 875 526 908 usu,
557 864 802 900 Romanorum
829 864 1037 901 iudiciorum
1065 865 1181 901 ordini
1207 864 1287 902 fere
1316 864 1415 901 nulia
1439 874 1489 901 ex
1510 866 1617 911 parte
1640 861 1810 910 absimili,
1832 870 1954 909 pauca

98 929 260 977 afferam,
288 939 359 966 non
380 928 429 966 ad
453 929 820 979 probanda-quidem,
851 931 921 969 sed
944 935 1066 969 tamen
1088 932 1136 969 ad
1165 931 1407 969 confirmanda
1430 942 1490 980 ea,
1517 940 1614 979 quae
1637 929 1686 966 de
1709 931 1953 977 recuperato-

97 996 199 1034 ribus
222 995 385 1034 dicturus
407 1008 503 1046 sum,
522 998 614 1034 satis
632 998 778 1035 idonea.

272 1082 380 1131 Apud
408 1081 571 1121 Graecos
601 1084 707 1133 enim,
736 1084 769 1121 si
796 1083 881 1132 quid
906 1084 1044 1122 civitati
1077 1085 1228 1123 iniuriae
1260 1086 1307 1123 ab
1332 1085 1494 1122 hostibus
1520 1083 1655 1121 factum
1679 1085 1772 1131 erat,
1796 1081 1951 1129 primum

98 1149 256 1187 civitatis
283 1149 427 1187 nomine
455 1150 675 1199 poscebatur
711 1150 904 1189 restitutio.
960 1150 1077 1198 Quam
1099 1151 1231 1189 δοῦναι
1264 1152 1326 1188 καὶ
1357 1151 1529 1198 δέχεσθαι
1564 1150 1670 1194 δίκην
1704 1147 1954 1197 appellabant.

97 1216 257 1253 Exstant
283 1216 331 1253 de
359 1217 606 1264 antiquissimo
634 1222 798 1265 tempore
825 1215 1093 1268 testimonia⁴]‚
1127 1229 1198 1255 nec
1225 1219 1273 1256 de
1300 1218 1502 1267 posteriore
1530 1217 1674 1254 desunt.
1727 1217 1823 1252 Nam
1844 1215 1876 1251 si
1901 1213 1949 1251 ad

95 1281 229 1320 iustum
262 1279 449 1333 bessum']
481 1284 542 1321 vel
572 1284 622 1322 ad
652 1287 838 1322 certamen
867 1283 1106 1336 singulare⁶J
1139 1285 1368 1323 descendere
1397 1285 1514 1321 minus
1543 1284 1714 1321 idoneum
1743 1282 1954 1328 videbatur,

96 1349 235 1397 pariter
258 1353 370 1397 atque
392 1351 488 1398 apud
512 1348 745 1398 Romanos⁷)
769 1351 926 1389 obnoxia
948 1353 1068 1400 capita
1090 1362 1212 1390 noxae
1233 1348 1474 1400 dabanturfl),
1498 1350 1562 1387 vel
1582 1350 1849 1387 interveniente
1873 1352 1954 1385 ter—

96 1416 173 1454 tiae
197 1416 383 1454 cuiusdam
400 1417 557 1455 civitatis
577 1417 707 1455 iudicio
725 1415 1097 1467 compromissario9],
1120 1419 1216 1468 quod
1240 1419 1348 1457 etiam
1362 1418 1517 1455 Romani
1533 1412 1869 1469 agnoscebant10)‚
1891 1415 1956 1452 vel

98 1483 253 1520 omnium
281 1484 460 1521 societate
488 1485 690 1522 iunctarum
723 1485 911 1523 civitatum
943 1487 1126 1524 sententia
1155 1497 1224 1535 per
1252 1486 1402 1536 legatos
1432 1486 1470 1521 in
1500 1488 1681 1522 conventu
1715 1483 1954 1533 pronunciata

157 1632 190 1665 1)
214 1629 643 1671 6,95.(Ρ.415.8γ11>..1
690 1630 777 1670 Quae
804 1629 843 1659 de
870 1629 1068 1661 Latinorum
1097 1639 1129 1661 et
1154 1632 1379 1662 Romanorum
1409 1628 1539 1660 foedere
1566 1626 1712 1659 Romulo
1733 1636 1807 1670 rege
1827 1625 1912 1656 facto
1937 1634 1955 1654 e

211 1677 381 1718 Dionysio
402 1678 522 1709 Sellius
541 1680 632 1709 aflert
656 1689 690 1720 p.
710 1681 760 1710 88
782 1688 854 1720 sqq.
875 1688 908 1710 et
928 1679 992 1711 alia
1011 1680 1113 1711 nimis
1131 1681 1239 1722 prisca
1258 1680 1315 1711 hic
1334 1679 1435 1710 missa
1453 1678 1551 1711 facio.

156 1748 191 1782 2)
214 1746 372 1786 Harpocr.
393 1755 418 1778 s.
438 1757 472 1777 v.
492 1737 672 1785 σύμβολα.

155 1816 190 1849 ³)
213 1813 316 1843 Thuc.
341 1817 368 1851 ί,
391 1816 439 1845 44.
464 1807 561 1843 δίκαι
583 1803 804 1852 ξυμθόλαιαι
823 1815 854 1849 1,
875 1816 924 1844 77-.
951 1807 1296 1855 συναλλαγματικαί.
1327 1813 1436 1845 schol.
1457 1813 1497 1844 ad
1517 1812 1619 1844 Thuc.
1640 1815 1673 1849 ¹,
1692 1814 1743 1843 77.

155 1874 190 1910 4)
215 1873 315 1902 Hom.
336 1872 399 1903 od.
421 1876 471 1909 21,
496 1875 544 1904 27.
565 1870 606 1901 11.
627 1876 658 1908 5,
680 1873 748 1905 804.
768 1874 819 1902 10.
840 1873 908 1904 286.
927 1874 980 1909 11,
1001 1874 1049 1907 4⁰.
1072 1875 1197 1916 Hymn.
1217 1873 1254 1905 in
1275 1874 1378 1904 Merc.
1398 1875 1468 1904 812.

155 1933 190 1971 5)
216 1931 310 1973 Quod
333 1931 570 1973 apt-acconibus
592 1931 656 1961 rite
669 1930 882 1964 indicebatur.
901 1931 1054 1965 Abresch.
1072 1932 1235 1964 dilucida.
1255 1932 1402 1974 Thucyd.
1423 1943 1458 1973 Ρ
1474 1937 1543 1963 555.
1566 1933 1634 1965 Ast
1654 1931 1693 1962 ad
1707 1929 1788 1963 Plat.
1809 1927 1923 1960 deleo
1902 1937 1955 1971 ἕης

212 1992 247 2022 Ρ.
274 1984 322 2011 14.
352 1980 577 2011 vvachsmuth.
605 1980 643 2010 de
670 1989 737 2010 vet.
765 1980 837 2010 iure
863 1980 1009 2023 gentium
1036 1992 1073 2023 Ρ.
1100 1985 1149 2013 45.
1173 1981 1316 2013 Harless.
1345 1983 1383 2012 de
1409 1992 1560 2023 praecon.
1592 1992 1643 2023 ap.
1671 1981 1729 2012 Gr.
1752 1991 1786 2022 Ρ.
1808 1982 1858 2010 87.
1880 1989 1955 2020 sqq.

212 2030 354 2061 Unicum
379 2028 460 2060 belli
479 2019 684 2069 ἀκηρύκτου
719 2029 908 2071 exemplum
935 2039 983 2061 est
1009 2030 1132 2061 bellum
1160 2031 1248 2061 inter
1266 2031 1422 2073 Aeginam
1447 2040 1479 2061 et
1498 2030 1654 2068 Athenas,
1675 2030 1716 2060 de
1737 2040 1804 2071 quo
1827 2029 1869 2059 cf.
1889 2029 1955 2059 He-

213 2079 284 2110 rod.
308 2084 340 2115 5,
361 2082 410 2109 Sl.
1091 2091 1096 2096 ·

155 2141 188 2174 0)
212 2137 251 2168 11.
274 2141 305 2175 4,
328 2142 396 2169 276.
418 2138 459 2169 cf.
480 2137 645 2170 Wachsm.
670 2138 738 2168 de⁸
729 2149 801 2169 mre
820 2148 907 2182 gent.
928 2150 962 2180 Ρ.
984 2142 1032 2172 4⁷.
1052 2150 1084 2170 ιι,
1106 2142 1135 2172 8.
1175 2139 1397 2171 Notissimum
1420 2148 1469 2170 est
1489 2148 1652 2170 certamen
1674 2139 1713 2170 de
1726 2138 1865 2180 Thyrea.
1887 2137 1952 2166 He-

211 2188 280 2217 rod.
303 2190 333 2223 1,
355 2190 420 2220 182.
445 2187 591 2227 Thucyd.
611 2192 643 2223 5,
661 2191 711 2221 41.

154 2247 188 2282 7)
210 2246 252 2279 V.
272 2244 349 2279 Sell.
369 2256 401 2287 p.
421 2248 487 2276 113.
510 2245 550 2277 οἳ.
572 2256 605 2287 p.
625 2249 696 2278 818.
737 2247 817 2278 Liv.
839 2250 869 2286 9,
890 2252 920 2279 5.
941 2248 1010 2282 cic.
1031 2247 1069 2286 de
1090 2248 1146 2279 off.
1167 2251 1198 2284 2,
1219 2251 1267 2280 30.
1289 2247 1346 2281 Or.
1371 2250 1400 2285 1,
1421 2251 1469 2281 40.
1489 2247 1582 2297 Hor.
1596 2251 1634 2286 ⁷2,
1654 2250 1705 2281 18.
1751 2255 1755 2258 '

154 2306 189 2342 8)
213 2306 261 2334 Ita
279 2304 499 2345 Leotychides
520 2315 578 2334 rex
598 2316 615 2334 a
634 2306 900 2337 Lacedaemoniis
924 2306 1137 2349 Aeginetibus
1158 2306 1286 2336 oblatus
1307 2316 1366 2339 est.
1406 2306 1531 2337 Herod.
1552 2310 1585 2344 ⁶,
1607 2309 1656 2339 85.

154 2366 188 2398 9)
210 2361 296 2395 Plut.
317 2363 354 2394 in
374 2362 441 2396 Sol.
466 2367 512 2395 10.
532 2363 659 2395 Aelim.
681 2366 721 2400 V.
743 2367 785 2397 H.
807 2370 839 2403 7,
860 2370 888 2400 9.
908 2366 993 2397 Plnt.
1014 2365 1110 2407 Pyth.
1132 2376 1179 2398 or.
1202 2368 1250 2397 16.
1274 2368 1322 2407 (p.
1343 2369 1412 2399 278.
1432 2364 1561 2405 Reisk.)
1596 2365 1719 2400 Herod,
1738 2371 1771 2404 5,
1792 2368 1840 2398 05.
1867 2362 1951 2395 Plut-

210 2412 367 2453 apophth.
387 2414 513 2444 Lacon.
533 2424 565 2454 Ρ.
585 2417 652 2446 806.
675 2415 716 2447 cf.
739 2415 844 2448 Vales.
866 2415 904 2445 ad
924 2417 1082 2456 Harpocr.
1107 2426 1139 2456 Ρ.
1165 2418 1231 2448 178.
1250 2418 1320 2445 ³88.
1341 2415 1408 2455 (ed.
1432 2416 1611 2452 Gronov.)-

134 2470 188 2509 1⁰)
211 2469 370 2511 Exempla
393 2480 470 2502 sunt
489 2482 540 2514 ιΡ.
562 2471 631 2503 cic.
655 2481 715 2508 act.
736 2476 766 2505 2.
785 2473 822 2504 in
841 2474 935 2509 Verr.
956 2477 988 2512 2,
1011 2476 1150 2509 14.-¹8.
1173 2477 1316 2508 zze-25.
