2237 2769
1190 128 1248 171 18

295 252 412 289 Datos
433 252 526 289 enim
552 251 664 289 fuisse
680 252 849 302 legimus,
871 262 918 288 ne
941 251 988 288 de
1006 251 1286 298 repetundarum
1308 262 1418 289 causa
1439 252 1596 290 disertus
1620 253 1687 290 sim
1701 250 1755 302 ¹),
1779 255 1842 292 ubi
1868 255 1917 293 de
1940 254 2137 305 vectigali-

295 320 366 355 bus
389 320 642 368 ambigebatur
654 316 716 367 ²]‚
740 320 775 354 in
799 319 1010 365 quaestione
1034 317 1179 364 capitali
1198 318 1265 354 sub
1290 320 1501 366 sponsione:
1530 319 1565 354 ni
1589 318 1692 355 furtis
1716 324 1905 368 quaestum
1928 321 2069 360 faceret
2078 320 2138 370 ³),

297 397 347 422 ex
371 385 599 423 confessione
624 387 658 422 in
682 387 758 422 iure
781 386 896 432 sacta,
929 385 988 421 vel
1015 385 1046 420 si
1070 396 1156 421 reus
1182 389 1374 422 contumax
1399 382 1551 434 erat⁴)‚
1576 398 1683 434 quum
1708 387 1755 423 de
1780 387 2007 426 confessione
2031 392 2142 426 extra.

295 453 352 489 ius
377 452 474 490 facta
497 453 786 504 cognoscendum
812 449 944 500 fuit⁵)‚
971 463 1077 500 quum
1099 452 1276 500 pecuniae
1302 457 1425 491 certae
1449 453 1609 490 creditae
1621 450 1664 502 ὅ)
1690 453 1882 492 manifesta
1903 459 2008 494 erant
2030 456 2139 494 testi-

290 522 426 569 monia,
453 521 609 569 denique
634 522 669 556 in
693 531 804 556 causa
826 517 1038 567 liberam),
1062 523 1111 567 et,
1137 523 1176 555 ut
1200 520 1356 568 videtur,
1383 521 1519 556 omnino
1542 520 1590 557 de
1613 524 1711 557 statu
1723 517 1783 568 Β).

472 597 550 635 Sed
574 610 680 646 quum
704 597 923 645 reipublicae
947 596 1167 632 commodum
1194 598 1304 634 etiam
1325 599 1464 634 Romae
1488 599 1647 633 strictam
1670 599 1769 634 illam
1794 599 2018 636 celeritatem
2042 609 2137 635 exo-

297 664 374 701 leta
397 665 494 714 legis
518 666 658 701 actione
688 675 754 711 per
785 663 1043 700 condictionem
1065 663 1164 700 facta
1190 664 1397 711 postulasse
1421 664 1623 712 videretur,
1658 665 1766 701 etiam
1790 665 1839 701 ibi
1861 669 2138 713 recuperatores

292 731 476 772 judicasse
498 731 667 766 traditum
698 734 766 766 est.
814 728 932 776 Quod,
958 740 1036 765 cum
1068 731 1253 780 peregrini
1285 731 1546 767 interveniente
1572 741 1726 778 persona
1752 732 1822 768 iam
1847 732 2042 779 antiquitus
2068 731 2137 767 da·-

295 793 499 847 reatui-⁹),
534 808 605 834 non
628 798 677 834 ita
701 796 844 834 difficile
867 796 988 833 fiebat.
1037 795 1208 834 Ceterum
1231 808 1303 833 non
1323 801 1408 834 ante
1436 809 1541 845 quam
1563 798 1660 847 legis
1683 799 1844 836 actiones
1866 799 1902 835 in
1927 798 2045 835 odium
2067 809 2138 834 ve-

295 869 426 902 nerunt
450 875 570 912 neque
595 865 657 900 vix
679 868 764 900 aute
788 864 911 914 legem
933 863 1125 899 Aebuliam
1148 864 1313 912 duasque
1337 864 1458 912 Iulias,
1481 865 1608 912 quibus
1631 866 1808 912 praetoris
1830 868 2047 914 potestatem
2071 876 2137 901 sa-

293 933 344 972 ,tis
364 936 505 969 auctam
528 931 640 967 fuisse
663 932 807 979 scimus,
832 931 997 967 inductos
1021 929 1145 978 fuisse,
1169 942 1218 967 ex
1238 932 1282 966 iis
1303 932 1433 979 causis,
1460 943 1552 978 quas
1575 942 1684 979 supra
1707 932 1823 980 attuli,
1845 929 2136 968 verisimillimum

293 1003 394 1048 puto.
438 999 534 1035 Nam
566 998 730 1046 quamvis
756 994 947 1046 Gaiusw)
979 997 1027 1034 de
1056 997 1153 1048 legis
1187 998 1327 1035 actione
1358 1009 1424 1046 per
1454 998 1710 1036 condictionem
1742 998 1839 1036 facta
1869 999 1979 1037 valde
2010 999 2136 1047 quaeri

297 1068 405 1114 dicat,
429 1077 542 1114 quare
567 1066 776 1102 desiderata
800 1066 864 1113 sit,
886 1076 965 1101 cum
990 1065 1037 1100 de
1059 1076 1115 1111 en,
1138 1066 1233 1112 quod
1260 1066 1337 1101 dari
1362 1069 1556 1113 oporteret,
1586 1070 1811 1102 sacramento
1835 1070 1898 1103 aut
1918 1078 1984 1114 per
2010 1066 2137 1102 iudicis

295 1133 571 1182 postulationem
592 1133 656 1183 agi
677 1128 867 1181 potuisset,
886 1136 1007 1169 tamen
1028 1141 1076 1167 ex
1096 1132 1208 1179 ipsius
1227 1128 1427 1181 verbis-¹¹)
1448 1132 1484 1168 id
1504 1132 1636 1168 saltem
1658 1137 1821 1181 apparet,
1842 1134 2001 1170 strictam
2020 1145 2136 1181 quan-

296 1202 379 1238 dam
406 1201 631 1237 celeritatem
652 1201 687 1235 in
717 1211 762 1235 ea
784 1200 901 1235 locum
926 1198 1108 1237 habuisse.
1154 1199 1264 1235 Nulla
1286 1200 1377 1235 enim
1400 1203 1479 1234 erat
1502 1199 1536 1233 in
1559 1199 1615 1234 ius
1639 1200 1797 1247 vocatio,
1830 1211 1936 1247 quum
1960 1200 2038 1236 sola
2067 1200 2137 1236 de·-

295 1268 470 1305 nuntiatio
507 1277 531 1303 a
565 1266 744 1304 creditore
784 1266 938 1303 debitori
977 1267 1072 1304 facta
1107 1267 1309 1314 sufficeret,
1342 1270 1390 1313 et,
1421 1266 1452 1301 si
1483 1265 1597 1302 XXX
1631 1266 1760 1303 diebus
1792 1267 2053 1314 praeterlapsis
2087 1267 2136 1303 ad

296 1336 450 1372 iudicem
482 1334 745 1381 capessendum
776 1333 916 1370 debitor
947 1345 1017 1370 non
1046 1336 1223 1383 venisset,
1252 1334 1298 1369 lis
1327 1333 1486 1381 protinus
1512 1332 1789 1370 adiudicaretur.
1835 1334 2006 1382 Accedit,
2038 1334 2134 1382 quod

298 1402 452 1439 eandem
474 1402 652 1437 actionem
675 1412 742 1447 per
765 1401 886 1449 legem
903 1399 1029 1437 Siliam
1054 1402 1101 1438 de
1119 1406 1219 1437 certa
1240 1401 1391 1448 pecunia
1413 1403 1641 1436 constitutam
1662 1399 1749 1437 esse
1766 1398 1983 1449 scimus¹²],
2006 1402 2042 1436 in
2063 1389 2136 1448 qua

297 1458 409 1505 causa
436 1468 544 1504 etiam
566 1470 841 1513 recuperatores
862 1466 1040 1504 iudicasse
1064 1468 1167 1503 modo
1192 1467 1356 1503 vidimus.

470 1545 549 1583 Sed
583 1544 743 1592 apertius
778 1544 885 1580 etiam
920 1545 1097 1591 praetoris
1133 1545 1169 1580 in
1206 1543 1335 1580 dandis
1368 1543 1682 1591 recuperatoribus
1713 1543 1898 1580 arbitrium
1930 1547 1968 1581 et
2000 1544 2134 1592 publici
2188 1565 2191 1568 <

351 1706 386 1738 1)
410 1703 451 1730 In
471 1710 531 1740 qua
553 1707 623 1728 ante
647 1698 748 1740 legem
769 1699 925 1735 Porciam,
954 1699 1161 1739 Calpurniam
1198 1700 1314 1738 (quam
1338 1696 1442 1729 valer.
1473 1698 1560 1726 Max.
1588 1700 1618 1732 6,
1642 1699 1670 1726 4.
1697 1707 1863 1737 perperam
1886 1696 2058 1727 Caeciliam
2079 1708 2135 1738 ap·

407 1749 524 1791 pellat,
540 1749 580 1777 cf.
594 1748 702 1789 Sigon.
718 1747 755 1776 de
776 1747 907 1777 iudiciis
923 1752 953 1785 2,
976 1753 1038 1783 27.)
1057 1758 1086 1778 et
1101 1748 1177 1777 alia<
1200 1747 1277 1776 latas
1299 1746 1424 1787 privata
1446 1754 1570 1775 tantum
1592 1745 1774 1786 persecutio
1796 1755 1873 1776 erat.
1909 1742 1957 1777 Cf.
1978 1745 2134 1779 Dirksen.

408 1798 513 1828 Belua
541 1809 569 1825 z.
594 1799 628 1828 K.
655 1796 685 1825 d.
712 1807 737 1825 r.
767 1798 802 1825 R.
828 1800 855 1828 8.
882 1808 916 1836 p.
945 1801 1007 1827 189.
1049 1797 1177 1826 Klenzii
1204 1795 1349 1835 Prolegg.
1379 1795 1414 1823 ud
1442 1794 1504 1832 leg.
1532 1794 1704 1823 Serviliam
1733 1805 1763 1834 p.
1790 1796 1847 1824 XI.
1896 1796 2131 1834 Imperatorum

409 1845 611 1887 temporibus
645 1844 755 1873 litium
790 1844 826 1873 in
862 1845 912 1875 his
951 1846 1053 1875 causis
1087 1844 1354 1875 aestiniaudarum
1395 1852 1515 1871 munus
1548 1842 1586 1871 ad
1619 1852 1859 1883 recuperatores
1897 1843 2005 1877 rediit.
2059 1844 2134 1877 Tac.

405 1900 493 1928 Anu.
518 1899 549 1931 ἲ,
581 1897 629 1924 74.

349 1958 383 1994 2)
409 1956 478 1985 Cic.
504 1955 539 1982 in
561 1955 652 1984 Verr.
674 1956 704 1987 8,
727 1956 773 1983 11.
795 1956 840 1982 13.
862 1957 908 1983 28.
931 1958 977 1983 5⁰.
1000 1957 1044 1983 59.
1069 1957 1114 1984 60.
1214 1956 1248 1986 8)
1274 1951 1343 1981 Cic.
1365 1950 1401 1979 in
1423 1951 1514 1981 verr.
1536 1954 1567 1985 5,
1589 1952 1636 1982 ³4.

349 2017 383 2053 4)
408 2015 488 2055 Leg.
510 2011 609 2044 Rubr,
631 2022 656 2041 c.
677 2014 724 2041 21.
751 2013 874 2053 (Hugo,
900 2011 1000 2042 Civil.
1026 2014 1143 2054 Magaz.
1166 2015 1197 2048 2,
1218 2015 1256 2041 20
1270 2016 1294 2047 ).

349 2076 384 2110 5)
409 2073 478 2102 Cic.
503 2071 581 2100 Div.
607 2070 641 2098 in
668 2070 754 2101 Caec.
778 2073 826 2100 17.

350 2137 384 2169 6)
409 2132 476 2162 Cic.
498 2142 529 2172 p.
552 2128 665 2160 Flacco
689 2139 716 2161 c.
737 2132 784 2162 20.
818 2130 900 2159 Nam
920 2129 1026 2160 Plauti
1049 2130 1083 2159 in
1105 2129 1256 2160 Bacchid.
1279 2133 1309 2166 2,
1329 2132 1361 2164 ³,
1383 2131 1430 2160 86.
1453 2127 1544 2158 locus
1565 2127 1628 2158 huc
1649 2137 1714 2157 non
1737 2127 1889 2169 pertinet.

350 2195 384 2230 7)
410 2191 487 2232 Uip.
511 2193 540 2226 1,
562 2193 596 2219 n
615 2201 642 2218 a.

347 2253 381 2289 8)
406 2253 539 2280 Sueton.
561 2250 659 2289 Vesp.
682 2251 708 2279 3.
743 2248 825 2277 Nam
848 2247 882 2276 in
904 2248 970 2288 ipsa
993 2249 1178 2289 provincia,
1202 2247 1256 2277 ubi
1278 2246 1387 2276 Flavia
1411 2246 1586 2276 Domitilla
1612 2256 1683 2277 nata
1708 2255 1789 2282 erat,
1811 2257 1877 2275 non
1899 2246 2031 2282 Romae,
2053 2257 2131 2276 con-

406 2299 519 2329 silium
541 2307 803 2338 recuperatorum
825 2298 1054 2336 pronunciasse
1080 2299 1126 2326 rei
1148 2305 1394 2327 consentaneum
1416 2295 1557 2324 videtur.

349 2362 382 2394 9)
407 2360 479 2387 Huc
501 2356 686 2387 referendus
708 2365 755 2385 est
776 2355 881 2385 Plauti
903 2355 926 2385 l.
949 2357 984 2385 in
1005 2355 1154 2388 Bacchid.
1176 2359 1207 2392 2,
1229 2358 1259 2390 3,
1281 2358 1326 2384 ³6.

329 2420 382 2455 ¹0)
408 2417 477 2446 Gai.
500 2419 531 2453 4,
554 2421 600 2447 11.
620 2420 670 2446 ³⁰.
707 2414 791 2446 Gell.
814 2418 864 2450 16,
889 2417 931 2447 10.
1215 2415 1266 2451 ll)
1292 2417 1322 2449 4,
1345 2417 1392 2442 20.

328 2479 382 2516 ιε)
408 2480 438 2512 4,
460 2478 507 2506 ¹8.
1211 2475 1263 2508 1³>
1289 2475 1319 2509 4,
1345 2475 1390 2501 19.
