2206 2696
657 751 1474 824 Annamatia

1034 876 1098 913 ad

532 973 572 1010 T.
607 971 736 1012 Livii
773 972 934 1013 locum
977 973 1001 1012 l.
1041 974 1106 1013 26.
1148 984 1181 1013 c.
1218 974 1283 1013 48.
1326 973 1345 1023 ἓ
1383 974 1418 1012 8.
1447 994 1504 1002 —-
1535 973 1595 1012 10.

140 1178 254 1246 ne
273 1208 514 1246 Romanorum
536 1207 675 1246 iudiciis
693 1208 971 1258 recuperatoriis
994 1213 1188 1257 tantopere
1210 1209 1305 1246 inter
1324 1219 1368 1246 se
1391 1208 1598 1257 discrepant
1617 1208 1775 1246 virorum
1800 1209 1986 1248 doctorum

141 1276 361 1323 sententiae,
390 1279 431 1313 ut
460 1287 523 1313 res
546 1276 667 1325 paullo
699 1277 896 1326 diffieilior,
929 1287 1036 1326 quam
1060 1279 1136 1326 est,
1169 1280 1280 1325 atque
1313 1277 1514 1314 etiamnunc
1543 1279 1699 1331 reperto-
1713 1275 1805 1314 Gaio
1830 1270 1986 1327 aliisque

138 1344 229 1380 iuris
247 1344 363 1380 civilis
383 1344 632 1392 monumentis,
656 1354 752 1391 quae
773 1343 834 1380 diu
858 1345 1054 1393 latuerant,
1073 1344 1111 1379 in
1133 1343 1251 1381 lucem
1274 1344 1424 1392 proiatis
1447 1354 1561 1392 prope
1585 1344 1844 1381 inextricabilis
1868 1344 1986 1382 videri

138 1410 266 1460 possit.
304 1408 385 1448 Sed
407 1410 548 1448 illorum
570 1410 633 1448 alii
653 1411 690 1447 in
712 1410 806 1447 hunc
829 1411 1053 1460 antiquitatis
1073 1411 1262 1447 Romanae
1285 1410 1402 1448 locum
1423 1411 1625 1448 accuratius
1648 1411 1831 1459 inquirere
1850 1412 1985 1463 negle-

138 1480 285 1526 xerunt,
309 1481 350 1514 ut
372 1476 456 1514 Car.
475 1478 630 1526 Bretus,
656 1476 839 1526 corasius,
864 1478 993 1514 Frane.
1016 1477 1201 1524 Polletus,
1227 1477 1447 1527 Volgangus
1467 1478 1617 1524 Lazius,
1639 1478 1720 1525 ipse
1742 1477 1853 1523 Bai-n.
1877 1478 1984 1515 Bris-

137 1544 281 1593 sonius,
314 1544 395 1581 Nic.
423 1542 640 1593 Grucehius,
674 1543 705 1580 Ι.
729 1542 774 1580 G.
799 1542 998 1592 Graevius,
1031 1543 1077 1580 G.
1101 1543 1234 1593 Hugo,
1265 1542 1331 1580 Ch.
1358 1543 1402 1582 G.
1424 1543 1614 1593 Haubold,
1636 1543 1705 1581 Ed.
1728 1542 1914 1582 Schrader
1928 1541 1982 1596 ¹),

138 1622 290 1660 quorum
309 1622 494 1649 numerum
516 1612 685 1661 augebis,
712 1611 744 1646 si
764 1611 809 1646 iis
830 1610 1018 1648 addideris
1039 1622 1060 1647 e
1084 1611 1172 1647 iuris
1194 1612 1367 1647 consultis
1393 1611 1583 1648 Budaeum
1595 1607 1652 1660 ²),
1677 1622 1725 1648 ex
1749 1612 1831 1648 aliis
1851 1612 1981 1649 Franc.

138 1677 307 1726 Sylvium
316 1674 374 1726 ³),
398 1677 529 1715 Christ.
551 1676 874 1728 Hegendorphium
883 1673 930 1726 ⁴)
954 1688 1035 1714 eum
1057 1677 1166 1714 Mich.
1191 1677 1324 1714 Toxita
1338 1675 1380 1726 ς)
1404 1682 1443 1714 et
1465 1677 1606 1715 Eubulo
1628 1678 1817 1725 Dynatero
1829 1674 1893 1728 ⁶),
1917 1679 1982 1716 lo-

137 1755 269 1789 annem
288 1744 464 1782 Tislinum
472 1741 531 1795 ⁷),
552 1755 661 1794 quem
679 1744 796 1782 secuti
815 1747 899 1781 sunt
917 1744 1017 1782 Petr.
1038 1744 1247 1781 Pellitarius
1268 1748 1306 1781 et
1327 1744 1454 1782 Barth.
1474 1745 1647 1782 Latonius
1660 1742 1717 1794 ⁸),
1737 1745 1861 1782 Iacob.
1883 1744 1982 1783 Gro-

195 1892 229 1930 1)
254 1891 400 1930 Quorum
420 1889 595 1920 sententias
615 1900 689 1919 cum
712 1888 788 1919 aliis
808 1888 934 1930 insigni
952 1887 1123 1930 diligentia
1146 1889 1320 1926 recensuit,
1343 1889 1402 1929 qui
1422 1898 1527 1929 nuper
1547 1888 1585 1918 de
1609 1889 1833 1919 Romanorum
1853 1890 1982 1921 iudicio

250 1938 491 1979 recuperatorio
511 1937 819 1968 commentationem
843 1936 975 1978 scripsit
998 1938 1024 1966 Ῑ.
1044 1939 1084 1967 Α.
1108 1937 1282 1967 Collmann
1307 1936 1432 1976 (Berol.
1456 1937 1573 1975 isso),
1597 1947 1658 1979 pag
1689 1940 1719 1966 8.
1741 1947 1828 1978 sqq„
1853 1948 1886 1968 et
1905 1949 1984 1980 poet

252 1998 326 2017 eum
347 1987 418 2018 Car.
434 1986 512 2020 Sell.
531 1987 570 2017 in
592 1986 698 2017 libro:
719 1988 762 2017 D.
784 1985 995 2027 Recuperatio
1020 1985 1050 2015 d.
1076 1987 1195 2016 Homer
1217 1988 1374 2026 (Brunsv.
1398 1987 1503 2024 18³7.)
1524 1996 1558 2027 p.
1578 1986 1635 2017 Vt.
1657 1996 1730 2028 sqq.

195 2049 229 2085 2)
253 2046 302 2077 Ad
321 2046 399 2089 Dig.
419 2057 453 2087 p.
473 2050 541 2078 ³⁴76.
581 2046 664 2077 Cum
682 2036 933 2077 Atheniensium
953 2045 1101 2075 diaetetis
1121 2054 1360 2085 recuperatores
1382 2045 1594 2085 comparavit.

194 2110 228 2142 ³)
252 2106 435 2138 Comment,
457 2104 494 2133 in
514 2104 586 2134 Cic.
604 2105 686 2136 Div.
706 2105 745 2134 in
765 2105 854 2135 Caec.
879 2106 924 2134 1⁷.
964 2105 1001 2132 111
1032 2103 1136 2133 causis
1162 2103 1301 2144 privatis
1332 2114 1372 2132 ex
1395 2103 1544 2145 equitum
1571 2112 1626 2134 aut
1654 2103 1904 2145 publicanorum
1928 2112 1985 2137 ore

251 2154 328 2185 dine
348 2152 489 2185 delectos
510 2153 609 2184 fuisse
631 2154 840 2186 coniectavit.

193 2212 359 2248 42801101.
386 2213 422 2241 in
449 2212 543 2241 eund.
585 2213 817 2252 deceptionem
849 2222 955 2240 rerum
992 2209 1165 2240 ablatarum
1203 2219 1442 2251 recuperatores
1475 2221 1601 2240 curasse
1634 2222 1675 2241 ex
1701 2223 1816 2242 eorum
1847 2215 1985 2245 nomine

251 2270 402 2292 coniecit.

193 2323 229 2358 5)
253 2321 381 2349 Comm.
402 2319 438 2348 in
459 2319 554 2349 eund.
1059 2320 1092 2355 6)
1120 2318 1229 2348 Schol.
1249 2319 1285 2347 iu
1310 2319 1378 2365 Cic.
1399 2328 1459 2348 act.
1482 2322 1511 2348 2.
1537 2320 1573 2348 in
1593 2321 1686 2351 Verr.
1707 2323 1739 2356 ³,
1760 2324 1808 2350 11.

194 2379 227 2416 7)
253 2378 381 2409 Comm.
403 2378 438 2407 iu
460 2378 529 2408 Cic.
552 2388 632 2409 orat.
659 2390 691 2419 p.
716 2379 843 2410 Caecin.
868 2381 893 2408 ί.
934 2379 961 2407 Ε
987 2377 1135 2407 mandato
1163 2377 1199 2407 in
1228 2377 1330 2407 causis
1358 2378 1498 2419 privatis
1527 2369 1582 2408 eos
1607 2378 1764 2409 iudicasse
1788 2379 1853 2411 sibi
1872 2382 1983 2420 fiuxit,

249 2427 405 2469 datosque
427 2428 541 2465 fuisse,
565 2439 664 2469 quum
687 2428 723 2458 de
744 2438 847 2464 metu,
869 2426 948 2457 dolo
971 2426 1068 2464 maio,
1090 2426 1145 2456 vel
1165 2427 1202 2457 vi
1227 2437 1343 2457 armata
1365 2428 1624 2461 contenderetur,

193 2489 227 2525 8)
252 2488 290 2515 In
311 2487 408 2517 eund.
433 2490 482 2518 17.
