2237 2769
1135 124 1194 166 w

411 251 580 299 Denique
601 250 718 298 illam,
744 257 840 297 quae
864 245 1144 283 demonstranda
1167 246 1272 283 nobis
1297 249 1373 296 est,
1398 245 1529 294 publici
1553 246 1726 283 commodi
1748 246 1940 297 rationem,
1963 248 2076 287 omnis

241 320 360 359 iudicii
380 317 638 366 recuperatorii
662 315 760 363 apud
781 316 964 351 Romanos
989 313 1148 361 historia,
1175 317 1353 361 quatenus
1376 324 1455 350 eam
1479 313 1649 361 persequi
1673 324 1875 363 possumus,
1897 316 1988 352 satis
2010 328 2075 354 su-

240 396 380 436 perque
405 384 626 432 comprobat.
672 383 768 418 Nam
793 383 983 429 postquam
1010 379 1046 415 in
1073 379 1250 428 colonias,
1281 380 1330 417 ad
1359 390 1488 417 causas
1516 380 1610 416 inter
1630 379 1840 418 colonos‘et
1861 382 2076 433 peregrinos

239 451 479 498 diffiniendas,
505 454 544 487 ut
565 453 666 486 recte
687 447 901 484 monstravit
923 444 1073 493 Sellius,
1095 445 1187 482 haec
1207 444 1397 495 iudicia1]
1423 446 1597 483 translata
1619 450 1715 495 sunt,
1739 457 1824 483 mox
1844 448 1881 483 in
1899 453 2075 496 repetun-

239 520 365 558 darum
388 528 519 555 causas
542 526 563 553 e
585 516 686 565 lege,
716 525 822 562 quam
842 511 968 549 Cicero
986 522 1075 559 prae
1094 512 1175 548 aliis
1199 513 1414 550 socialem
1429 512 1628 563 appellavit
1637 510 1694 562 ²),
1719 513 1858 551 scilicet
1874 516 2011 553 nonita
2027 517 2078 554 ob

238 587 369 625 civium
393 585 632 621 Romanorum
652 581 842 630 privatum,
867 590 975 629 quam
999 579 1195 616 universae
1221 579 1378 617 civitatis
1402 579 1580 629 publicum
1603 579 1823 618 commodum
1845 591 2074 632 persequen-

240 654 328 701 das,
355 653 500 690 inducta
521 654 604 687 sunt
614 646 671 699 ³).

408 738 557 786 ltaque,
584 747 692 785 quum
716 737 924 772 constanter
949 733 1134 784 peregrini
1156 733 1348 784 litigatoris
1368 734 1630 772 interveniente
1653 745 1810 782 persona
1833 735 1926 776 haec
1945 737 2074 778 iudicia

237 808 478 853 haberentur,
502 814 586 840 mox
609 803 646 838 in
669 801 861 849 provinciis
887 811 1032 849 quoque
1056 801 1093 836 in
1117 812 1220 837 usum
1242 801 1363 837 vocari
1387 804 1564 848 poterant,
1588 804 1698 849 atque
1721 812 1765 838 eo
1786 801 1947 851 facilius,
1978 807 2073 853 quod

236 873 445 924 provinciae
476 870 590 907 forma
620 867 934 906 conventionis
965 866 1231 904 similitudinem
1264 867 1475 915 praebebat.
1523 867 1565 904 ln
1591 866 1716 905 Sicilia
1741 872 1841 907 certe
1867 869 2074 911 iudiciorum

236 943 289 979 ita
311 940 524 981 constitutus
550 940 630 975 erat
651 935 759 984 ordo,
788 938 828 972 ut
856 935 1020 973 eiusdem
1042 935 1198 972 civitatis
1221 935 1346 971 incolis
1365 935 1560 985 agentibus
1583 935 1747 972 iudicium
1768 935 1816 973 ad
1841 937 1919 974 eius
1943 940 2073 978 civita-

237 1010 286 1046 tis
309 1007 544 1058 magistratus
565 999 839 1053 pertineret⁴]‚
872 1002 1099 1040 diversarum
1120 1002 1259 1039 urbium
1289 1003 1390 1039 cives
1422 1012 1541 1039 coram
1572 1002 1746 1039 iudicibus
1775 1009 1950 1054 agerent,
1983 1019 2073 1056 quos

236 1079 387 1125 praetor
409 1084 431 1110 e
452 1071 732 1121 provincialibus
755 1070 919 1120 elegisse
943 1070 1098 1117 videtur,
1125 1069 1267 1118 quando
1290 1070 1418 1106 civitas
1441 1070 1477 1105 in
1497 1070 1674 1117 privatum
1694 1071 1844 1121 agebat,
1869 1072 1961 1110 alins
1982 1076 2072 1112 civi-

235 1143 324 1180 tatis
348 1144 499 1178 senatus
518 1133 762 1185 iudicaret⁵)‚
785 1137 972 1173 Romanus
996 1135 1119 1173 Siculo
1145 1139 1183 1173 et
1204 1135 1349 1173 Siculus
1370 1137 1534 1173 Romano
1559 1138 1594 1173 in
1614 1138 1670 1174 ius
1694 1139 1833 1175 vocatis
1852 1139 1991 1179 iudices
2011 1145 2072 1182 vel

236 1212 515 1258 recuperatores
527 1203 575 1256 ⁶]
601 1217 623 1242 e
649 1205 704 1242 rei
723 1205 869 1240 natione
894 1200 1176 1252 acciperent7),
1208 1204 1416 1251 ceteroquin
1439 1204 1578 1241 iudices
1602 1215 1624 1241 e
1647 1210 1826 1242 conventu
1854 1207 1981 1245 civium
2004 1211 2072 1248 eli-

238 1279 416 1329 gerentur
440 1279 550 1323 atque
577 1273 687 1310 etiam
712 1274 1005 1319 recuperatorum
1030 1270 1199 1307 decuriae
1222 1271 1290 1307 rite
1315 1271 1558 1310 scriberentur
1570 1270 1629 1321 ⁸).

412 1360 594 1411 Ceterum,
618 1369 833 1406 quamquam
856 1357 962 1393 etiam
979 1357 1014 1393 in
1035 1356 1115 1393 aliis
1137 1357 1328 1404 provinciis
1348 1361 1641 1406 recuperatorum
1665 1357 1816 1396 officium
1838 1359 1952 1400 fuisse
1972 1374 2072 1402 com-

236 1434 379 1480 pertum
402 1422 650 1475 habemus9),
676 1428 797 1462 tamen
820 1424 857 1461 id
878 1425 1003 1473 ipsum⁷
1029 1423 1124 1472 quod
1147 1424 1184 1460 in
1205 1423 1331 1461 Sicilia
1357 1425 1465 1461 etiam
1489 1424 1714 1474 frequentius
1736 1426 1918 1466 iudicasse
1941 1431 2072 1469 viden-

235 1505 306 1547 tur,
332 1497 365 1534 si
384 1497 436 1532 ita
459 1494 685 1541 iudicabant,
718 1492 765 1529 ad
796 1492 972 1539 publicum
996 1492 1150 1528 civitatis
1174 1492 1360 1528 Romanae
1393 1484 1633 1539 commodum,
1666 1494 1702 1529 in
1733 1493 1900 1531 facienda
1925 1496 2070 1548 Siculis,

237 1575 346 1613 quam
367 1562 549 1611 insignem
570 1559 685 1595 fuisse
709 1553 925 1605 seimus·⁰],
952 1558 1072 1608 gralia
1092 1557 1246 1606 positum
1269 1559 1532 1597 revocabimus.
1577 1559 1696 1608 quue
1720 1561 1941 1600 commodum
1967 1566 2072 1604 simul

347 1706 480 1737 videtur
508 1706 554 1743 (3,
576 1708 605 1732 ⁵.
626 1706 657 1738 5,
680 1705 728 1732 19.
753 1705 784 1738 8,
805 1703 870 1739 15.)
899 1709 992 1743 atque
1018 1701 1100 1742 ipsis
1122 1701 1254 1733 secundi
1281 1701 1362 1732 belli
1381 1701 1498 1732 Punici
1519 1702 1719 1745 temporibus
1741 1704 1862 1743 socios,
1881 1707 2019 1741 Latinos
2041 1722 2071 1743 et

348 1754 532 1796 municipia
559 1751 731 1789 discernit,
764 1751 925 1793 originem
950 1751 1050 1793 magis
1078 1762 1172 1793 quam
1196 1751 1248 1781 ius
1274 1751 1472 1783 Latinorum
1495 1751 1631 1793 ⁴spectat,
1659 1753 1748 1794 qnod
1774 1754 1870 1786 otiam
1890 1759 2070 1800 antiquitus

347 1807 385 1836 in
413 1802 611 1835 commercio
642 1802 789 1842 positum
815 1800 913 1830 fuisse
937 1800 996 1830 vix
1018 1800 1186 1841 quisquam
1204 1800 1341 1843 negabit.
1380 1801 1478 1837 Nam,
1500 1801 1567 1830 nisi
1588 1802 1714 1839 fuisset,
1740 1803 1933 1845 Cispadanae
1948 1809 2071 1842 Galliae

347 1853 512 1886 Latinitas
537 1852 575 1882 in
597 1850 690 1881 omni
711 1860 744 1880 re
769 1849 832 1879 alia
853 1849 978 1890 potius,
1001 1859 1094 1890 quam
1115 1849 1152 1878 in
1173 1848 1245 1880 solo
1271 1849 1469 1880 commercio
1490 1849 1599 1892 posita
1618 1851 1871 1893 conspiceretur.
1912 1856 1961 1890 Cf.
1981 1860 2072 1890 Savi-

349 1915 430 1946 gny,
452 1904 537 1943 Syst.
559 1901 591 1930 d.
612 1900 645 1931 h.
666 1910 695 1928 r.
715 1901 752 1931 R.
775 1902 803 1930 2.
824 1909 858 1938 p.
883 1901 930 1930 45.

289 1967 324 2001 1)
347 1963 388 1996 V.
411 1960 475 2003 leg·
495 1959 598 1991 Ther.
620 1959 687 1999 (ap.
710 1957 848 1993 Maria,
869 1955 979 1998 sigon.
1001 1964 1031 1986 et
1051 1955 1150 1994 alios)
1173 1967 1236 1988 sect
1257 1961 1285 1989 1.
1310 1957 1372 1988 lin.
1393 1961 1440 1991 ³3.
1461 1961 1510 1988 84.
1533 1967 1609 1991 sect.
1629 1961 1659 1988 Ξ.
1679 1958 1705 1993 1.
1721 1963 1768 1993 22.
1789 1964 1837 1994 26.
1870 1963 1911 1996 L.
1932 1966 2071 1998 Pseudo-

348 2009 497 2041 Mamilia
521 2020 537 2038 a
556 2007 719 2038 Frontino
741 2005 838 2037 nobis
861 2014 984 2036 servata
1005 2007 1072 2046 (ap.
1093 2006 1188 2036 Goes.
1210 2018 1243 2047 p.
1267 2010 1333 2037 ³40.
1356 2008 1443 2047 sqq.)
1465 2018 1493 2037 c.
1518 2011 1546 2040 ³.

293 2075 326 2108 2)
350 2070 431 2100 Div.
452 2068 489 2097 in
513 2065 630 2098 Caecil.
653 2070 679 2095 5.
704 2074 735 2095 et
756 2069 803 2097 20.
1157 2069 1189 2103 ³)
1214 2066 1290 2098 Liv.
1313 2069 1363 2102 4³,
1385 2070 1414 2096 2.

294 2131 328 2170 4)
353 2129 421 2160 Cic.
448 2127 484 2156 iu
510 2128 604 2158 Verr.
630 2129 661 2162 2,
689 2127 737 2155 13.
785 2124 873 2154 Idem
901 2124 938 2153 iu
966 2124 1042 2154 Asia
1072 2123 1234 2154 obtinebat
1255 2136 1271 2154 e
1298 2124 1468 2155 Scaevolae
1500 2133 1531 2154 et
1553 2125 1720 2156 Ciceronis
1748 2127 1874 2159 edictis.
1906 2132 1974 2163 Cic.
1996 2146 2070 2177 epp.

349 2177 387 2208 ad
407 2179 474 2208 Att.
496 2179 525 2212 6,
554 2178 581 2207 ί.
603 2178 631 2207 2.

293 2239 326 2276 5)
350 2234 507 2276 Exempla
528 2242 602 2264 sunt
623 2244 674 2274 ap.
696 2234 764 2265 Cic.
786 2233 822 2262 in
843 2234 936 2264 Verr.
958 2236 989 2269 2,
1011 2235 1148 2265 14.—18.
1169 2237 1305 2266 22.-25.

291 2301 325 2333 ὃ)
351 2296 420 2326 Cic.
441 2295 476 2323 in
497 2295 588 2325 Verr.
610 2296 640 2328 2,
661 2296 709 2322 29.
730 2297 760 2329 3,
786 2296 834 2323 11.
856 2296 904 2326 21,
926 2296 971 2323 22.
995 2295 1043 2323 58.
1065 2295 1108 2323 59.
1132 2295 1179 2321 60.
1204 2297 1233 2328 5,
1256 2296 1304 2323 54.
1325 2293 1408 2323 Div.
1430 2293 1466 2322 in
1488 2293 1575 2325 Caec.
1598 2296 1646 2323 ¹7.
1666 2306 1727 2336 pro
1748 2296 1861 2327 Flacco
1882 2302 1930 2330 19.
1947 2305 1996 2333 20.
2020 2308 2068 2335 21.

293 2360 328 2393 7)
350 2352 507 2394 Exempla
526 2364 559 2384 v.
581 2363 630 2392 ap.
652 2351 720 2381 Cic.
741 2352 822 2384 Div,
843 2355 890 2383 17.
912 2351 949 2380 in
969 2352 1062 2382 Verr.
1085 2353 1115 2385 2,
1138 2354 1184 2384 37.
1205 2355 1254 2381 38.

291 2416 325 2452 8)
351 2413 419 2443 Cic.
440 2412 475 2440 in
496 2413 589 2443 Verr.
609 2413 640 2446 2,
662 2413 708 2440 13.
730 2413 761 2445 3,
783 2413 831 2440 ¹1.
853 2413 901 2439 59.
924 2413 973 2439 60.
1014 2410 1129 2439 Verres
1153 2418 1257 2439 tamen
1279 2421 1294 2438 e
1316 2410 1446 2439 cohorte
1467 2410 1567 2440 dedit.

291 2476 324 2510 9)
347 2473 395 2502 Ita
416 2470 452 2501 in
472 2469 547 2501 Asia
567 2469 643 2500 fuit.
685 2468 752 2502 Cic,
774 2480 806 2510 p.
832 2468 945 2500 Flacco
966 2471 1016 2499 21.
1153 2470 1206 2509 10)
1232 2469 1298 2504 Cic.
1320 2469 1356 2499 in
1379 2471 1473 2504 Verr.
1498 2474 1529 2508 2,
1551 2474 1578 2506 1.
1598 2474 1625 2505 2.
1649 2472 1688 2506 ef.
1709 2476 1740 2510 2,
1762 2476 1808 2508 12.
1831 2476 1878 2510 13,
1898 2481 1930 2511 3,
1950 2483 1978 2510 6,
