2207 2770
1010 137 1064 180 2!

103 263 311 311 peratorum
330 270 478 297 numero
498 261 716 298 sententiam
737 259 933 297 confirmat.
982 257 1072 296 Cum
1094 259 1188 296 enim
1209 271 1340 297 servus
1360 261 1598 298 manumissus
1619 266 1683 300 aut
1703 261 1794 300 civis
1816 261 1956 298 Roma-

104 339 185 379 nus,
206 330 287 378 aut,
314 327 347 364 si
367 331 504 366 tautum
526 329 563 366 in
586 329 689 366 bonis
710 323 903 377 fuerat¹),
928 327 1082 364 Latinus
1102 327 1273 365 Iuniauus
1296 328 1373 366 fieri
1397 333 1541 380 posset,
1564 330 1611 368 de
1636 330 1769 379 duplici
1793 333 1893 368 statu
1914 332 1956 367 et

105 396 255 435 duorum
279 396 384 444 quasi
405 397 615 444 populorum
636 397 715 433 iure
737 394 1030 446 cognoscendum
1055 397 1148 443 erat,
1168 395 1263 433 unde
1286 397 1483 444 quinarium
1506 399 1802 446 recuperatorum
1824 407 1955 434 nume-

103 474 182 501 rum
206 462 346 500 Romae
372 463 588 512 duplicatum
612 462 727 506 fuisse
734 489 746 513 ‚
777 473 849 499 non
871 461 1071 500 miraberis.
1118 462 1161 498 In
1186 463 1377 510 provinciis
1404 475 1495 502 vero
1517 465 1625 502 etiam
1651 464 1724 502 alia
1748 476 1862 504 causa
1884 475 1952 502 ac-

103 531 271 568 cedebat.
304 530 420 576 Quum
442 532 535 568 enim
556 531 657 568 cives
676 531 831 567 Romani
857 531 894 566 in
922 529 1143 577 provinciam
1164 533 1394 567 transeuntes
1416 532 1597 569 civitatem
1610 533 1811 569 Romanam
1834 543 1951 580 saepe

102 598 177 636 alia
197 601 377 636 mutarent
397 597 508 646 idque
529 609 613 635 num
643 597 840 646 fecissent‚·
868 597 907 633 in
931 596 1077 634 dubium
1110 598 1235 634 vocari
1264 602 1390 646 posset
1400 595 1464 647 ²),
1499 601 1606 636 etiam
1634 599 1749 648 ipsius
1778 600 1866 636 iuris
1896 589 1950 636 ci-

102 662 240 715 vilis³J
271 675 382 702 causa
410 662 627 715 gentium⁴]
659 676 803 714 quoque
837 664 925 701 iuris
958 664 1051 700 ratio
1082 664 1252 700 habenda
1282 668 1371 702 erat.
1416 665 1543 714 anue
1566 666 1754 714 utriusque
1775 667 1863 703 iuris
1884 676 1949 703 ar-

102 734 192 770 ctior
220 732 258 769 in
291 733 483 780 provinciis
514 732 713 769 coniunctio
748 732 853 768 ctiam
886 731 1056 778 exemplo
1092 730 1189 779 apud
1223 731 1436 768 Dositheum
1467 734 1650 780 proposito
1682 730 1945 783 illustratur5).

99 799 270 850 Namque
290 812 313 838 a
335 801 530 852 peregrino
562 799 802 837 manumissus
824 809 956 836 servus
981 809 1198 848 quamquam
1228 801 1262 835 in
1288 799 1391 836 bonis
1419 799 1504 849 fuit,
1535 811 1606 837 non
1628 804 1771 849 poterat
1794 801 1946 840 Latinus

100 869 271 907 Iunianus
293 869 383 905 fieri.
428 869 511 905 Nec
540 871 660 904 tamen
684 870 831 915 praetor
855 866 1109 903 manumissum
1133 867 1275 903 servire
1298 867 1457 916 sinebat,
1484 870 1513 903 εὶ
1536 864 1587 914 μὴ
1611 865 1729 910 ἄλλως
1750 865 1852 914 νόμῳ
1869 867 1945 904 Ἑλ..

100 935 235 983 ληνικῷ
260 934 548 986 χειρογραφηθῇ
577 934 601 971 i.
630 945 665 971 e.
695 934 842 984 legibus
872 933 1092 971 Graecorum
1128 934 1273 986 scriptis
1299 933 1414 971 literis
1450 935 1676 972 manumissio
1715 935 1814 973 sacta
1851 940 1946 974 erat.

98 1003 229 1051 anue
248 1003 335 1038 iuris
358 1003 521 1052 gentium
542 1002 634 1038 ratio
657 1001 782 1049 procul
803 1001 910 1036 dubio
933 1012 1044 1037 causa
1067 1000 1154 1049 fuit,
1180 1001 1275 1049 quod
1300 1001 1520 1049 Theophilus
1530 999 1574 1052 ⁶)
1592 1003 1682 1039 illos
1704 1007 1944 1051 recuperato-

98 1082 161 1108 res
180 1071 412 1117 περεγρίνους
431 1069 605 1118 appessat,
628 1079 843 1116 quamquam
867 1079 992 1105 omnes
1014 1069 1117 1105 cives
1136 1069 1293 1106 Romani
1316 1073 1430 1105 erant.

258 1147 320 1197 At,
342 1149 525 1195 utcunque
547 1145 595 1183 de
619 1145 688 1182 hac
708 1155 933 1182 numerorum
955 1145 1176 1187 auctoritate.
1188 1148 1227 1183 et
1248 1147 1475 1195 expositione
1495 1151 1619 1185 nostra
1637 1148 1777 1197 statuis7
1799 1147 1837 1185 id
1858 1148 1940 1186 aliis

96 1215 259 1252 omnibus
280 1215 478 1252 rationibus
502 1215 593 1250 satis
620 1213 902 1250 demonstratum
923 1214 1089 1262 arbitror,
1115 1214 1224 1250 etiam
1249 1215 1434 1265 peregrini
1458 1215 1652 1264 litigatoris
1673 1216 1940 1254 interveniente

93 1293 269 1333 persona,
298 1282 330 1319 si
355 1282 402 1338 de
432 1281 513 1330 ipsa
536 1292 648 1318 causa
670 1281 708 1317 in
730 1279 881 1318 foedere
905 1280 1093 1338 speciatim
1123 1284 1268 1318 cautum
1290 1293 1362 1318 non
1387 1286 1505 1334 esset,
1534 1295 1556 1321 e
1583 1283 1762 1332 praetoris
1789 1282 1938 1321 decreto

94 1355 134 1388 et
158 1351 305 1388 arbitrio
326 1353 620 1399 recuperatorum
642 1349 862 1397 pependisse
882 1348 1075 1386 dationem.

264 1427 395 1477 anue
414 1438 487 1476 res,
512 1426 546 1463 si
568 1437 641 1475 qua
664 1425 747 1473 alia,
769 1425 817 1462 ad
837 1425 931 1461 Livii
953 1425 1083 1474 locum,
1105 1424 1153 1462 de
1176 1437 1248 1474 quo
1270 1427 1414 1478 agimus
1435 1426 1522 1465 facit
1542 1429 1828 1480 intelligendum.
1856 1431 1939 1467 Non

93 1496 187 1533 enim
208 1499 486 1544 recuperatores
510 1493 634 1541 Scipio
658 1494 693 1529 in
714 1494 807 1529 iusta
830 1493 1032 1543 litigatione
1054 1494 1099 1529 ob
1122 1495 1309 1544 peregrini
1331 1495 1526 1545 litigatoris
1546 1496 1846 1534 intervenientem
1866 1497 1938 1535 de-

92 1562 145 1600 dit
168 1574 379 1612 personam,
412 1561 509 1611 quod
534 1560 624 1598 dare
651 1571 717 1597 eos
740 1561 1006 1611 oportebat,
1040 1560 1109 1598 sed
1140 1561 1242 1598 dedit
1271 1565 1428 1612 tantum,
1464 1575 1595 1612 quum
1619 1568 1672 1601 ea
1695 1565 1936 1603 contentio

204 1709 257 1743 4³,
277 1710 325 1739 17.
347 1705 486 1747 Appiani.
508 1704 546 1735 de
572 1704 638 1736 reb.
664 1704 761 1745 Hisp.
782 1706 831 1733 99.
859 1703 896 1733 de
915 1702 980 1735 reb.
1002 1705 1079 1733 Pnn.
1102 1707 1171 1737 1³5.
1196 1704 1272 1737 Sall.
1297 1708 1367 1748 Iug.
1392 1709 1456 1743 16„
1485 1707 1753 1747 quemadmodum
1775 1708 1872 1738 eiiam
1894 1708 1934 1739 ad

204 1754 333 1786 icienda
352 1754 481 1785 foedera
498 1755 531 1784 X
550 1762 715 1783 senatores
736 1751 970 1794 delegabantnr.
990 1752 1105 1793 Polyb.
1127 1757 1158 1789 6,
1181 1756 1227 1785 13.
1249 1756 1340 1792 (st).
1366 1755 1434 1785 Cic.
1455 1755 1492 1785 in
1515 1756 1623 1789 Vatin.
1647 1759 1694 1788 1⁵.
1715 1756 1860 1798 Philipp.
1882 1760 1934 1794 12,

202 1808 252 1836 12.
291 1804 353 1833 Sed
371 1804 468 1833 etiam
487 1802 647 1842 praetoris
669 1802 763 1837 (Liv.
785 1805 834 1837 38,
856 1805 938 1836 60.),
960 1800 1115 1830 aedilium
1140 1804 1270 1839 (Iuven.
1289 1808 1328 1838 3,
1355 1805 1439 1841 161.)
1460 1805 1613 1843 praefecti
1634 1805 1709 1834 urbi
1730 1805 1831 1840 (Plin.
1851 1808 1935 1846 Epp.

204 1857 236 1889 6,
257 1855 336 1889 n.)‚
362 1851 514 1892 ipsorum
541 1850 687 1880 iudicum
713 1849 815 1888 (Gell.
843 1853 891 1885 12,
914 1853 957 1880 13.
984 1851 1036 1881 Fr.
1060 1852 1089 1879 1.
1110 1850 1189 1891 Dig.
1214 1850 1253 1880 de
1278 1852 1335 1882 off.
1359 1852 1472 1884 adsess.
1495 1856 1539 1890 (1.
1561 1856 1624 1890 82.)
1647 1862 1741 1893 atque
1765 1855 1934 1895 magistra-

204 1911 296 1932 tuum
320 1900 358 1931 in
377 1899 551 1942 provincia
577 1899 643 1930 fuit
670 1898 769 1936 (Liv.
790 1901 839 1935 29,
861 1902 909 1928 20.
935 1898 1002 1928 Cic.
1023 1898 1059 1928 in
1080 1899 1171 1930 verr.
1194 1903 1224 1936 2,
1246 1903 1295 1930 29.
1321 1905 1351 1937 5,
1373 1903 1454 1937 2¹.)‚
1477 1912 1516 1931 ne
1540 1900 1578 1931 de
1603 1901 1766 1943 principis
1789 1903 1933 1934 consilio

203 1947 335 1991 loquar,
362 1950 399 1980 de
426 1961 492 1990 quo
511 1960 545 1979 v.
566 1949 669 1980 Dion.
692 1949 779 1978 Cass.
800 1952 845 1979 52.
868 1951 915 1977 ³3.
936 1950 983 1979 53.
1007 1951 1057 1977 21.
1084 1952 1132 1979 55.
1154 1952 1202 1978 27.
1225 1954 1272 1980 56.
1297 1954 1344 1979 28.
1365 1954 1411 1981 57.
1433 1954 1459 1981 7.
1482 1954 1529 1982 oo.
1550 1954 1578 1982 4.
1619 1951 1704 1980 min.
1726 1954 1810 1992 Epp.
1833 1957 1862 1988 ⁴,
1886 1957 1934 1985 22,

203 2002 234 2035 0,
255 2002 303 2031 ³1.
324 2000 429 2039 Spart,
448 1997 546 2027 Hadr.
568 2000 597 2027 S.
619 2000 667 2027 18.
689 2000 736 2029 22.
774 1995 913 2037 Capitol.
932 1997 1052 2027 Anton.
1072 1997 1105 2028 P.
1128 1999 1175 2027 12.
1198 1997 1372 2027 Herodian.
1395 2001 1425 2034 6,
1449 2001 1475 2027 1.
1507 1998 1675 2039 Lumprid,
1697 2000 1767 2034 Ael,
1789 2002 1862 2035 Sev.
1886 2005 1934 2032 1³.

201 2052 252 2080 1⁶.
273 2052 324 2081 68.
343 2050 397 2079 Fr.
422 2051 469 2079 17.
489 2047 567 2089 Dig,
587 2046 625 2077 de
646 2046 718 2076 iure
738 2055 820 2087 patr.
841 2049 905 2083 (³7,
928 2047 1001 2082 143.

144 2111 178 2144 1)
201 2107 279 2149 Uip.
300 2111 331 2144 1,
352 2110 401 2137 ie.

143 2169 177 2203 2)
201 2166 269 2199 Cic.
290 2177 323 2207 P.
343 2165 445 2196 Balbo
466 2168 514 2196 11.
536 2165 577 2195 cf.
598 2176 632 2206 p.
650 2165 740 2195 Caec.
762 2167 809 2196 23.
831 2175 863 2204 p.
885 2163 970 2195 dom.
990 2166 1039 2193 30.
1064 2163 1181 2196 Boeth.
1201 2165 1315 2204 Topic.
1337 2169 1366 2194 2.
1389 2166 1429 2197 cf.
1455 2166 1524 2197 Gai.
1546 2169 1576 2203 1,
1604 2169 1670 2198 131..
1723 2168 1726 2170 ’

142 2227 177 2264 a)
201 2218 344 2254 δικαίου
365 2216 565 2253 πολιτικοῦ.
588 2223 723 2253 Dosith.
745 2223 782 2253 de
803 2234 932 2252 manum
953 2226 982 2252 1.
1066 2223 1099 2259 4)
1126 2215 1267 2250 δικαίου
1293 2216 1454 2257 ὲθνικοῦ.

142 2285 177 2323 ⁵)
200 2283 334 2313 Dosith.
356 2286 404 2313 12.
427 2285 480 2321 (14
494 2283 522 2320 ).
561 2282 611 2311 Ad
632 2282 702 2312 eius
724 2281 833 2317 verba,
859 2292 937 2321 quae
960 2279 1179 2321 paraphrastes
1207 2280 1346 2309 Latinus
1372 2292 1541 2321 perperam
1566 2283 1796 2324 interpretatus
1822 2297 1869 2316 est
1891 2288 1931 2316 cf.

197 2334 248 2361 13.
269 2331 361 2370 (17.)
382 2322 428 2365 ὡς
455 2319 624 2365 ἐπιστολὴ
650 2320 831 2370 γράφεται
855 2319 972 2366 δούλῳ
995 2317 1066 2355 ὑπὸ
1094 2320 1157 2364 τῆς
1180 2320 1372 2364 δεσποίνης
1398 2327 1436 2358 et
1460 2321 1568 2359 ὁπότε
1597 2323 1619 2368 ἡ
1644 2327 1812 2371 ἐπιστολὴ
1840 2326 1932 2373 γρά-

195 2384 305 2421 φεται
326 2384 357 2408 κ.
382 2384 413 2407 τ.
439 2372 469 2408 λ.
494 2378 545 2409 De
569 2377 643 2408 aliis
666 2378 781 2416 causis,
811 2389 888 2419 quae
916 2376 953 2406 ad
982 2375 1068 2406 illud
1095 2374 1273 2406 consilium
1298 2377 1518 2418 pertinebunt,
1547 2392 1580 2414 v.
1603 2382 1739 2414 Dosith.
1765 2389 1794 2414 5.
1816 2387 1844 2414 7.
1871 2385 1931 2424 (9.)

197 2432 234 2458 8.·
260 2431 336 2465 (1⁰.
353 2430 379 2467 ).

141 2487 175 2527 ο)
200 2491 231 2525 ι,
250 2491 281 2525 o,
302 2490 332 2522 4.

168 2543 171 2546 ’
1682 2537 1698 2561 5
