2207 2711
1025 104 1085 149 17

132 225 349 278 explicandi,
374 228 435 277 qui
456 227 563 265 etiam
586 230 739 276 utroque
760 226 944 278 litigatore
967 227 1162 278 peregrino
1186 226 1328 262 Romae
1350 224 1446 272 apud
1468 229 1742 274 recuperatores
1764 226 1827 278 agi
1853 230 1962 275 potu—

130 293 272 344 erit¹]‚
296 306 429 336 ansam
445 295 643 343 praebebit.

156 431 159 434 ἢ
298 381 426 429 anue
455 380 574 431 gratia
597 380 681 417 inde
707 379 877 427 imprimis
910 381 1141 430 conspicitur,
1175 379 1271 429 quod
1301 379 1473 427 temporis
1498 378 1743 427 compendium
1775 384 1814 418 et
1835 381 1962 419 stricta

129 448 308 497 quaedam
328 448 496 485 celeritas
516 447 597 482 huic
612 446 754 495 iudicio,
776 446 884 494 plane
907 449 947 482 ut
962 448 1159 483 Atticorum
1179 447 1294 488 δίκαις
1314 443 1386 482 ἀπὸ
1410 443 1661 495 συμβόλων),
1686 426 1827 494 propria
1848 452 1961 485 erant.

130 513 277 553 Certum
301 515 394 552 enim
417 513 530 550 fuisse
553 512 725 561 ordinem,
748 523 818 560 quo
841 512 1043 562 litigatores
1065 515 1102 550 in
1125 515 1203 551 iure
1230 514 1514 561 admitterentur,
1546 512 1691 549 disertis
1712 516 1876 551 veterum
1901 519 1961 552 te-

126 583 300 620 stimoniis
330 576 564 630 docemur3).
624 580 825 616 Praeterea
855 579 998 618 dubium
1033 592 1103 617 non
1135 585 1209 630 est,
1249 582 1333 630 quin
1368 581 1623 632 mag-istratus,
1663 581 1793 629 quibus
1832 581 1960 620 diebus

127 650 206 686 iura
236 648 450 696 reddebant,
482 647 578 683 haud
602 647 803 695 promiscue
829 648 1068 695 cuiuscunque
1103 649 1249 698 generis
1276 649 1435 699 negotiis
1468 643 1745 697 vacaverint⁴].
1798 649 1910 686 Immo
1939 662 1962 689 e

127 715 219 753 Gaio
242 719 461 763 compertum
481 714 671 762 habemus,
700 714 996 750 manumissiones
1020 717 1127 751 certis
1158 715 1284 752 diebus
1310 716 1492 752 institutas
1515 711 1697 764 fuisse5).
1745 716 1959 765 Recupera-

126 786 227 819 tores
245 792 335 818 vero
359 782 519 829 'protinus
544 780 721 817 dabantur
731 777 793 828 ὅ),
821 784 932 827 atque
960 781 1047 827 ipsis
1076 769 1226 817 nefastis
1251 782 1397 829 diebus,
1427 782 1459 817 si
1484 792 1556 817 non
1577 781 1757 819 dabantur
1779 778 1841 831 (id
1865 784 1961 821 enim

127 847 265 886 Sellius
288 849 392 885 nobis
404 847 629 897 persuadere
653 858 723 883 non
745 844 898 896 potuit),
922 850 1043 884 tamen
1065 845 1382 898 iudicabant⁷).
1429 848 1538 886 Adde
1564 848 1660 897 quod
1685 849 1799 886 ceteri
1822 850 1960 889 iudices
1997 851 2003 854 ’

125 917 351 965 negotiorum
372 916 465 952 mole
489 915 597 952 facile
623 914 924 963 opprimebantur,
946 915 1046 951 cuius
1068 915 1169 951 molis
1192 919 1463 964 recuperatores
1487 920 1662 964 expertes
1685 916 1801 954 fuisse
1825 917 1958 955 viden-

125 979 246 1031 tur-²⁴).
297 981 466 1020 Ceterum
490 983 526 1019 in
553 981 691 1018 iudiciis
717 982 865 1029 imperio
889 982 1150 1019 continentibus
1176 983 1398 1032 magistratui
1425 986 1566 1030 tempus
1592 984 1844 1031 praescribere
1864 985 1957 1024 lice-

125 1050 200 1100 bat,
223 1051 316 1088 intra
336 1050 431 1099 quod
452 1049 633 1087 sententia
654 1045 875 1099 ferretur9).
924 1049 1076 1086 Accedit
1097 1050 1183 1086 stati
1204 1060 1282 1086 cum
1304 1050 1406 1087 hoste
1427 1049 1626 1087 condictive
1648 1050 1720 1087 diei
1739 1056 1958 1091 momentum

125 1123 165 1156 et
181 1119 448 1177 praerogatiua.
475 1118 533 1154 An
555 1126 644 1154 vero
662 1117 697 1152 in
721 1115 777 1152 his
801 1116 938 1154 iudiciis
954 1127 1099 1166 semper
1123 1117 1249 1154 decem
1265 1121 1399 1154 tantum
1418 1117 1570 1154 testibus
1589 1117 1876 1157 denuntiandi
1888 1118 1956 1169 ὀ]

123 1185 279 1223 facultas
303 1196 478 1223 concessa
500 1185 626 1232 fuerit,
656 1184 765 1220 etiam
786 1194 859 1234 ego
884 1184 1023 1233 dubito,
1053 1196 1160 1232 quum
1183 1185 1327 1221 testium
1349 1184 1627 1221 adhibendorum
1649 1196 1818 1224 numerus
1844 1188 1955 1226 etiam

122 1253 160 1290 in
182 1254 263 1291 aliis
284 1253 423 1290 iudiciis
445 1251 622 1289 interdum
644 1251 811 1288 definitus
832 1250 962 1288 fuerit¹
975 1247 1030 1301 ¹).
1064 1251 1176 1288 Immo
1198 1252 1471 1301 magistratuum
1491 1252 1643 1301 singulis
1666 1252 1791 1291 edictis
1815 1254 1863 1292 de
1885 1255 1955 1293 bac

122 1331 165 1358 re
184 1321 287 1358 varie
308 1323 450 1357 cautum
469 1319 583 1356 fuisse
604 1318 816 1367 putaverim.

295 1406 398 1453 Quod
416 1409 537 1444 autem
555 1406 720 1456 diximus,
746 1407 1021 1453 recuperatores
1042 1416 1064 1443 e
1080 1406 1221 1454 publico
1241 1406 1395 1455 quodam
1416 1406 1633 1454 reipublicae
1646 1406 1830 1445 Romanae
1850 1419 1953 1446 com-

122 1475 228 1513 modo
252 1475 358 1512 datos
384 1485 489 1522 esse,
520 1473 557 1510 id
588 1473 672 1510 inde
697 1473 937 1522 colligendum
961 1476 1037 1520 est,
1063 1473 1159 1520 quod
1189 1474 1225 1509 in
1249 1474 1439 1521 provinciis
1467 1473 1561 1510 haud
1586 1475 1794 1523 promiscue,
1820 1476 1889 1513 sed
1914 1477 1952 1514 in

120 1543 167 1579 iis
194 1545 332 1579 tantum
362 1541 481 1578 causis
511 1540 734 1589 iudicabant,
766 1549 861 1588 quae
882 1542 923 1575 ut
953 1540 1116 1587 protinus
1145 1539 1329 1577 finirentur
1356 1540 1418 1578 vel
1445 1540 1556 1588 ipsius
1584 1540 1738 1577 civitatis
1765 1541 1951 1580 intererat.

144 1677 147 1681 ’
168 1688 214 1727 ,1)
239 1685 334 1727 Quod
359 1695 375 1715 e
401 1683 509 1714 Plauti
533 1683 616 1713 Rud.
643 1686 675 1719 3,
699 1686 729 1719 6,
754 1686 802 1715 20.
831 1687 861 1720 5,
883 1682 914 1720 l,
942 1686 972 1713 2.
991 1686 1022 1720 8,
1045 1686 1076 1719 4.
1102 1687 1151 1715 18.
1173 1692 1204 1714 et
1227 1687 1275 1715 ¹9.
1302 1683 1460 1726 praeclare
1484 1685 1568 1715 eruit
1591 1684 1709 1715 Senius
1733 1695 1765 1727 p.
1785 1687 1855 1718 ue.
1875 1697 1951 1730 sqq.

236 1737 279 1767 cf.
299 1738 367 1768 317.
386 1745 435 1775 sq.
460 1744 591 1763 morum
615 1734 836 1763 Romanorum
863 1733 900 1762 in
927 1732 1048 1763 fabulas
1069 1733 1215 1776 palliatas
1242 1734 1465 1765 immixtotum
1486 1735 1643 1765 rationem
1669 1734 1799 1773 habens,
1827 1736 1864 1767 de
1889 1749 1950 1779 qua

234 1796 270 1815 re
290 1784 328 1814 ad
348 1783 551 1819 Schmederi,
571 1782 756 1812 doctissimi
776 1781 856 1818 viri,
878 1782 1019 1824 egregias
1042 1783 1328 1813 commentationes
1348 1782 1487 1825 legentes
1507 1783 1644 1825 relegare
1663 1783 1770 1815 liceat.

178 1845 214 1883 2)
237 1846 341 1874 Isocr·
361 1842 520 1884 Trapezit.
545 1845 574 1872 ⁷.
593 1839 763 1872 Demosth.
785 1852 811 1874 c.
832 1841 971 1874 Zenoth.
995 1853 1028 1882 p.
1052 1845 1120 1875 09⁰.
1144 1842 1194 1876 Cf.
1215 1841 1290 1875 Sell.
1312 1853 1344 1883 p.
1364 1845 1433 1873 271.
1453 1854 1485 1875 n.
1505 1846 1534 1876 1.

179 1904 213 1943 3)
238 1904 352 1935 Iuven.
376 1904 422 1938 16,
444 1903 491 1934 42.
512 1902 602 1930 Serv.
623 1899 661 1929 a'd
680 1901 758 1932 Aen.
779 1902 810 1936 2,
833 1901 898 1932 102.
919 1901 1029 1931 Senec.
1052 1902 1135 1942 Epp.
1159 1904 1222 1934 106,

178 1963 213 2001 4)
238 1962 306 1992 Cic.
327 1961 364 1991 in
383 1962 475 1992 Verr.
495 1963 526 1996 2,
548 1963 596 1989 ¹5.
1039 1961 1072 1997 5)
1101 1964 1128 1997 ί,
1149 1964 1196 1992 20.

178 2022 212 2060 6)
236 2023 344 2051 Senec.
366 2018 390 2049 l.
415 2018 438 2052 l.
459 2018 530 2048 Gai.
552 2021 582 2055 4,
606 2021 673 2050 185.
1039 2020 1073 2058 7)
1097 2030 1129 2060 p.
1152 2023 1217 2049 279.
1240 2029 1308 2059 sqq.

175 2081 211 2120 8)
236 2080 284 2113 Cf.
305 2078 388 2111 Gell.
409 2080 458 2114 1⁴,
479 2081 510 2114 2,
531 2080 560 2108 9.
582 2078 689 2110 Senec.
711 2077 747 2107 de
768 2077 872 2108 benef.
887 2080 917 2114 3,
939 2081 968 2110 7.
987 2078 1056 2108 Cic.
1076 2089 1109 2119 p.
1130 2077 1216 2110 Tull.
1241 2081 1284 2107 10.
1307 2080 1354 2107 41.
1378 2076 1482 2108 valer.
1504 2078 1625 2109 Probus
1647 2080 1685 2110 de
1711 2083 1801 2113 notis
1816 2085 1950 2116 Roman.

233 2140 284 2170 ap.
306 2127 458 2159 Gothofr.
478 2126 515 2155 in
534 2127 642 2156 Auctt.
663 2126 744 2169 ling.
769 2127 838 2156 Lat.
860 2137 893 2167 p.
918 2130 1000 2159 1⁴77.

177 2191 210 2225 ⁹)
233 2189 273 2219 V.
294 2186 346 2224 11„
368 2196 449 2227 quos
470 2185 563 2215 affert
583 2184 728 2218 Huschk.
749 2186 784 2215 in
805 2186 897 2219 Anal.
918 2185 971 2216 lit.
991 2197 1026 2227 p.
1049 2189 1114 2216 248.
1138 2196 1206 2226 sqq.

157 2249 211 2286 1⁰)
234 2247 314 2290 Leg.
337 2243 613 2276 Pseudo-Mamil.
633 2256 661 2274 c.
681 2249 712 2276 5.

156 2307 211 2346 11)
235 2307 359 2348 Fragm.
385 2305 448 2347 leg.
475 2302 592 2336 Servil.
620 2314 646 2335 c.
674 2307 721 2334 12.
748 2303 854 2336 Valer.
880 2305 966 2336 Max.
994 2307 1025 2340 8,
1046 2307 1073 2335 1.
1099 2304 1149 2335 Fr.
1176 2305 1207 2336 1.
1227 2304 1244 2340 5
1265 2307 1294 2333 2.
1326 2304 1367 2336 D.
1389 2304 1427 2334 de
1449 2305 1583 2336 testibus
1605 2309 1677 2346 (22,
1699 2312 1761 2348 5.).
1802 2313 1951 2342 Ceteram

234 2354 490 2392 ‚‚denuntiate“
522 2351 679 2382 vocabulo
718 2362 813 2391 quam
845 2352 1011 2392 propriam
1038 2352 1107 2381 vim
1144 2351 1317 2392 assignasse
1350 2352 1469 2383 Sellins
1505 2355 1568 2384 sibi
1599 2356 1692 2386 visus
1725 2368 1773 2388 est
1804 2364 1850 2399 (p.
1884 2360 1951 2390 288.

234 2405 337 2445 ⁸qq·)‚
357 2413 425 2432 non
445 2402 490 2432 ita
513 2400 759 2436 demonstravit,
787 2408 822 2428 ut
844 2401 879 2429 in
907 2399 1153 2440 recuperatoriis
1174 2399 1306 2429 iudiciis
1327 2400 1421 2432 nullo
1442 2403 1542 2433 modo
1566 2403 1673 2436 valere
1693 2406 1838 2447 potuisse
1859 2408 1953 2439 nobis

232 2452 438 2494 persuaserit.

1705 2497 1723 2524 4

2169 2644 2192 2656 ·ἓ

2024 2694 2028 2697 ’
2059 2707 2066 2711 ,
2088 2691 2138 2711 artis
