<?xml version="1.0" encoding="UTF-8"?>
<!DOCTYPE html PUBLIC "-//W3C//DTD XHTML 1.0 Transitional//EN"
    "http://www.w3.org/TR/xhtml1/DTD/xhtml1-transitional.dtd">
<html xmlns="http://www.w3.org/1999/xhtml" xml:lang="en" lang="en">
 <head>
  <title>
</title>
<meta http-equiv="Content-Type" content="text/html;charset=utf-8" />
  <meta name='ocr-system' content='tesseract 3.04.00' />
  <meta name='ocr-capabilities' content='ocr_page ocr_carea ocr_par ocr_line ocrx_word'/>
</head>
<body>
  <div class='ocr_page' id='page_1' title='image "./4626143_0015.png"; bbox 0 0 2266 2769; ppageno 0'>
   <div class='ocr_carea' id='block_1_1' title="bbox 1209 135 1242 179">
    <p class='ocr_par' dir='ltr' id='par_1_1' title="bbox 1209 135 1242 179">
     <span class='ocr_line' id='line_1_1' title="bbox 1209 135 1242 179; baseline 0 0"><span class='ocrx_word' id='word_1_1' title='bbox 1209 135 1242 179; x_wconf 79' lang='lat'><strong>6</strong></span> 
     </span>
    </p>
   </div>
   <div class='ocr_carea' id='block_1_2' title="bbox 1102 195 1340 201">
    <p class='ocr_par' dir='ltr' id='par_1_2' title="bbox 1102 195 1340 201">
     <span class='ocr_line' id='line_1_2' title="bbox 1102 195 1340 201; baseline 0 0"><span class='ocrx_word' id='word_1_2' title='bbox 1102 195 1340 201; x_wconf 95' lang='lat' dir='ltr'> </span> 
     </span>
    </p>
   </div>
   <div class='ocr_carea' id='block_1_3' title="bbox 289 256 2148 315">
    <p class='ocr_par' dir='ltr' id='par_1_3' title="bbox 289 256 2148 315">
     <span class='ocr_line' id='line_1_3' title="bbox 289 256 2148 315; baseline -0.005 -12"><span class='ocrx_word' id='word_1_3' title='bbox 289 275 399 315; x_wconf 82' lang='lat' dir='ltr'>quum</span> <span class='ocrx_word' id='word_1_4' title='bbox 422 260 632 299; x_wconf 85' lang='lat' dir='ltr'>Huschkius</span> <span class='ocrx_word' id='word_1_5' title='bbox 658 262 696 296; x_wconf 89' lang='lat' dir='ltr'>et</span> <span class='ocrx_word' id='word_1_6' title='bbox 721 258 909 295; x_wconf 89' lang='lat' dir='ltr'>Zimmcrn</span> <span class='ocrx_word' id='word_1_7' title='bbox 939 256 1029 294; x_wconf 87' lang='lat' dir='ltr'>mira</span> <span class='ocrx_word' id='word_1_8' title='bbox 1054 256 1139 294; x_wconf 85' lang='lat' dir='ltr'>inde</span> <span class='ocrx_word' id='word_1_9' title='bbox 1171 256 1219 295; x_wconf 90' lang='lat' dir='ltr'>de</span> <span class='ocrx_word' id='word_1_10' title='bbox 1249 259 1545 306; x_wconf 84' lang='lat' dir='ltr'>recuperatorum</span> <span class='ocrx_word' id='word_1_11' title='bbox 1576 256 1755 294; x_wconf 81' lang='lat' dir='ltr'><strong>electione</strong></span> <span class='ocrx_word' id='word_1_12' title='bbox 1784 266 1916 294; x_wconf 89' lang='lat' dir='ltr'>eruere</span> <span class='ocrx_word' id='word_1_13' title='bbox 1940 257 2148 295; x_wconf 79' lang='lat' dir='ltr'>conaties-</span> 
     </span>
    </p>
   </div>
   <div class='ocr_carea' id='block_1_4' title="bbox 287 321 2136 451">
    <p class='ocr_par' dir='ltr' id='par_1_4' title="bbox 287 321 2136 451">
     <span class='ocr_line' id='line_1_4' title="bbox 289 321 2136 379; baseline -0.005 -8"><span class='ocrx_word' id='word_1_14' title='bbox 289 328 448 379; x_wconf 55' lang='grc' dir='ltr'>εστιν),</span> <span class='ocrx_word' id='word_1_15' title='bbox 479 329 633 377; x_wconf 81' lang='lat' dir='ltr'>ipseque</span> <span class='ocrx_word' id='word_1_16' title='bbox 659 324 892 363; x_wconf 88' lang='lat' dir='ltr'>Collmannus</span> <span class='ocrx_word' id='word_1_17' title='bbox 903 321 946 375; x_wconf 82' lang='lat'>²)</span> <span class='ocrx_word' id='word_1_18' title='bbox 978 325 1014 361; x_wconf 92' lang='lat' dir='ltr'>in</span> <span class='ocrx_word' id='word_1_19' title='bbox 1047 334 1091 361; x_wconf 88' lang='lat' dir='ltr'>eo</span> <span class='ocrx_word' id='word_1_20' title='bbox 1124 325 1344 362; x_wconf 87' lang='lat' dir='ltr'>excutiendo</span> <span class='ocrx_word' id='word_1_21' title='bbox 1376 324 1559 375; x_wconf 87' lang='lat' dir='ltr'>peregrini</span> <span class='ocrx_word' id='word_1_22' title='bbox 1590 323 1785 375; x_wconf 79' lang='lat' dir='ltr'>litigatoris</span> <span class='ocrx_word' id='word_1_23' title='bbox 1815 334 2008 372; x_wconf 79' lang='lat' dir='ltr'><strong>personam</strong></span> <span class='ocrx_word' id='word_1_24' title='bbox 2039 325 2136 373; x_wconf 74' lang='lat' dir='ltr'>plan«</span> 
     </span>
     <span class='ocr_line' id='line_1_5' title="bbox 287 391 2133 451; baseline -0.005 -13"><span class='ocrx_word' id='word_1_25' title='bbox 287 399 474 451; x_wconf 79' lang='lat' dir='ltr'>neglexit,</span> <span class='ocrx_word' id='word_1_26' title='bbox 506 394 645 433; x_wconf 88' lang='lat' dir='ltr'>Sellins</span> <span class='ocrx_word' id='word_1_27' title='bbox 676 396 798 430; x_wconf 88' lang='lat' dir='ltr'>autem</span> <span class='ocrx_word' id='word_1_28' title='bbox 827 392 881 429; x_wconf 88' lang='lat' dir='ltr'>rei</span> <span class='ocrx_word' id='word_1_29' title='bbox 913 396 1062 429; x_wconf 87' lang='lat' dir='ltr'>nostrae</span> <span class='ocrx_word' id='word_1_30' title='bbox 1091 392 1276 431; x_wconf 82' lang='lat' dir='ltr'>cardinem</span> <span class='ocrx_word' id='word_1_31' title='bbox 1306 394 1343 429; x_wconf 87' lang='lat' dir='ltr'>in</span> <span class='ocrx_word' id='word_1_32' title='bbox 1373 393 1529 430; x_wconf 86' lang='lat' dir='ltr'>civitatis</span> <span class='ocrx_word' id='word_1_33' title='bbox 1552 393 1740 429; x_wconf 75' lang='lat' dir='ltr'>Romanae</span> <span class='ocrx_word' id='word_1_34' title='bbox 1773 391 1957 429; x_wconf 88' lang='lat' dir='ltr'>commodo</span> <span class='ocrx_word' id='word_1_35' title='bbox 1981 392 2133 440; x_wconf 87' lang='lat' dir='ltr'>positum</span> 
     </span>
    </p>
   </div>
   <div class='ocr_carea' id='block_1_5' title="bbox 284 458 2187 519">
    <p class='ocr_par' dir='ltr' id='par_1_5' title="bbox 284 458 2187 519">
     <span class='ocr_line' id='line_1_6' title="bbox 284 458 2187 519; baseline -0.005 -13"><span class='ocrx_word' id='word_1_36' title='bbox 284 477 400 519; x_wconf 85' lang='lat' dir='ltr'>prope</span> <span class='ocrx_word' id='word_1_37' title='bbox 425 463 584 511; x_wconf 74' lang='lat' dir='ltr'>sustulit,</span> <span class='ocrx_word' id='word_1_38' title='bbox 608 465 771 499; x_wconf 88' lang='lat' dir='ltr'>ceterum</span> <span class='ocrx_word' id='word_1_39' title='bbox 795 463 950 508; x_wconf 87' lang='lat' dir='ltr'>uterque</span> <span class='ocrx_word' id='word_1_40' title='bbox 974 459 1010 496; x_wconf 92' lang='lat' dir='ltr'>in</span> <span class='ocrx_word' id='word_1_41' title='bbox 1033 470 1077 496; x_wconf 92' lang='lat' dir='ltr'>eo</span> <span class='ocrx_word' id='word_1_42' title='bbox 1103 461 1253 510; x_wconf 76' lang='lat' dir='ltr'>erravit,</span> <span class='ocrx_word' id='word_1_43' title='bbox 1278 460 1376 510; x_wconf 88' lang='lat' dir='ltr'>quod</span> <span class='ocrx_word' id='word_1_44' title='bbox 1399 458 1528 498; x_wconf 79' lang='lat' dir='ltr'>iustam</span> <span class='ocrx_word' id='word_1_45' title='bbox 1551 459 1791 509; x_wconf 79' lang='lat' dir='ltr'>litigationem</span> <span class='ocrx_word' id='word_1_46' title='bbox 1813 470 1884 496; x_wconf 92' lang='lat' dir='ltr'>non</span> <span class='ocrx_word' id='word_1_47' title='bbox 1905 458 2020 497; x_wconf 82' lang='lat' dir='ltr'>fuisse</span> <span class='ocrx_word' id='word_1_48' title='bbox 2043 460 2138 497; x_wconf 42' lang='lat' dir='ltr'>exis*</span> <span class='ocrx_word' id='word_1_49' title='bbox 2185 482 2187 484; x_wconf 90' lang='lat'><em>-</em></span> 
     </span>
    </p>
   </div>
   <div class='ocr_carea' id='block_1_6' title="bbox 283 525 2137 784">
    <p class='ocr_par' dir='ltr' id='par_1_6' title="bbox 283 525 2137 784">
     <span class='ocr_line' id='line_1_7' title="bbox 283 525 2129 581; baseline -0.007 -6"><span class='ocrx_word' id='word_1_50' title='bbox 283 527 573 581; x_wconf 55' lang='lat' dir='ltr'>timaveruntq,</span> <span class='ocrx_word' id='word_1_51' title='bbox 598 530 655 566; x_wconf 90' lang='lat' dir='ltr'>cui</span> <span class='ocrx_word' id='word_1_52' title='bbox 670 533 792 565; x_wconf 84' lang='lat' dir='ltr'>tamen</span> <span class='ocrx_word' id='word_1_53' title='bbox 815 537 937 575; x_wconf 88' lang='lat' dir='ltr'>neque</span> <span class='ocrx_word' id='word_1_54' title='bbox 957 526 1016 575; x_wconf 87' lang='lat' dir='ltr'>lis,</span> <span class='ocrx_word' id='word_1_55' title='bbox 1039 538 1161 576; x_wconf 88' lang='lat' dir='ltr'>neque</span> <span class='ocrx_word' id='word_1_56' title='bbox 1182 528 1240 566; x_wconf 89' lang='lat' dir='ltr'>ius</span> <span class='ocrx_word' id='word_1_57' title='bbox 1250 525 1311 577; x_wconf 81' lang='lat'>⁴),</span> <span class='ocrx_word' id='word_1_58' title='bbox 1336 538 1457 577; x_wconf 84' lang='lat' dir='ltr'>neque</span> <span class='ocrx_word' id='word_1_59' title='bbox 1477 527 1664 578; x_wconf 83' lang='lat' dir='ltr'>agentium</span> <span class='ocrx_word' id='word_1_60' title='bbox 1684 538 1806 576; x_wconf 84' lang='lat' dir='ltr'>neque</span> <span class='ocrx_word' id='word_1_61' title='bbox 1826 526 2056 564; x_wconf 83' lang='lat' dir='ltr'>iudicantium</span> <span class='ocrx_word' id='word_1_62' title='bbox 2076 537 2129 567; x_wconf 86' lang='lat' dir='ltr'>ne-</span> 
     </span>
     <span class='ocr_line' id='line_1_8' title="bbox 285 593 2128 653; baseline -0.006 -14"><span class='ocrx_word' id='word_1_63' title='bbox 285 615 360 653; x_wconf 83' lang='lat' dir='ltr'>que</span> <span class='ocrx_word' id='word_1_64' title='bbox 383 601 498 650; x_wconf 81' lang='lat' dir='ltr'>ipsius</span> <span class='ocrx_word' id='word_1_65' title='bbox 525 597 706 646; x_wconf 79' lang='lat' dir='ltr'>praetoris</span> <span class='ocrx_word' id='word_1_66' title='bbox 727 604 885 643; x_wconf 81' lang='lat' dir='ltr'>persona</span> <span class='ocrx_word' id='word_1_67' title='bbox 908 593 1051 643; x_wconf 86' lang='lat' dir='ltr'>deerat,</span> <span class='ocrx_word' id='word_1_68' title='bbox 1077 606 1186 643; x_wconf 87' lang='lat' dir='ltr'>quum</span> <span class='ocrx_word' id='word_1_69' title='bbox 1208 596 1244 632; x_wconf 93' lang='lat' dir='ltr'>in</span> <span class='ocrx_word' id='word_1_70' title='bbox 1266 596 1397 632; x_wconf 80' lang='lat' dir='ltr'>castris</span> <span class='ocrx_word' id='word_1_71' title='bbox 1418 605 1561 643; x_wconf 86' lang='lat' dir='ltr'>quoque</span> <span class='ocrx_word' id='word_1_72' title='bbox 1584 594 1811 641; x_wconf 75' lang='lat' dir='ltr'>imperatoris</span> <span class='ocrx_word' id='word_1_73' title='bbox 1835 597 1873 630; x_wconf 87' lang='lat' dir='ltr'>et</span> <span class='ocrx_word' id='word_1_74' title='bbox 1898 593 2056 641; x_wconf 82' lang='lat' dir='ltr'>ipsorum</span> <span class='ocrx_word' id='word_1_75' title='bbox 2077 595 2128 629; x_wconf 77' lang='lat' dir='ltr'>tri·</span> 
     </span>
     <span class='ocr_line' id='line_1_9' title="bbox 286 658 2131 713; baseline -0.006 -5"><span class='ocrx_word' id='word_1_76' title='bbox 286 662 518 713; x_wconf 82' lang='lat' dir='ltr'>hunorum⁵)</span> <span class='ocrx_word' id='word_1_77' title='bbox 553 666 655 700; x_wconf 89' lang='lat' dir='ltr'>esset</span> <span class='ocrx_word' id='word_1_78' title='bbox 687 661 775 698; x_wconf 88' lang='lat' dir='ltr'>iuris</span> <span class='ocrx_word' id='word_1_79' title='bbox 809 660 990 698; x_wconf 87' lang='lat' dir='ltr'>reddendi</span> <span class='ocrx_word' id='word_1_80' title='bbox 1019 664 1199 709; x_wconf 84' lang='lat' dir='ltr'>potestas.</span> <span class='ocrx_word' id='word_1_81' title='bbox 1252 663 1349 702; x_wconf 86' lang='lat' dir='ltr'>Nam</span> <span class='ocrx_word' id='word_1_82' title='bbox 1382 662 1451 698; x_wconf 89' lang='lat' dir='ltr'>hoc</span> <span class='ocrx_word' id='word_1_83' title='bbox 1481 660 1625 709; x_wconf 87' lang='lat' dir='ltr'>quidem</span> <span class='ocrx_word' id='word_1_84' title='bbox 1657 661 1743 697; x_wconf 82' lang='lat' dir='ltr'>leve</span> <span class='ocrx_word' id='word_1_85' title='bbox 1773 663 1844 708; x_wconf 87' lang='lat' dir='ltr'>est,</span> <span class='ocrx_word' id='word_1_86' title='bbox 1875 658 1970 708; x_wconf 83' lang='lat' dir='ltr'>quod</span> <span class='ocrx_word' id='word_1_87' title='bbox 2005 659 2068 697; x_wconf 87' lang='lat' dir='ltr'>ille</span> <span class='ocrx_word' id='word_1_88' title='bbox 2094 660 2131 697; x_wconf 82' lang='lat' dir='ltr'><strong>M</strong></span> 
     </span>
     <span class='ocr_line' id='line_1_10' title="bbox 284 727 2137 784; baseline -0.006 -11"><span class='ocrx_word' id='word_1_89' title='bbox 284 733 541 784; x_wconf 86' lang='lat' dir='ltr'>Sempronium</span> <span class='ocrx_word' id='word_1_90' title='bbox 563 729 848 781; x_wconf 81' lang='lat' dir='ltr'>legionariorum</span> <span class='ocrx_word' id='word_1_91' title='bbox 869 728 993 765; x_wconf 87' lang='lat' dir='ltr'>nescio</span> <span class='ocrx_word' id='word_1_92' title='bbox 1019 739 1127 777; x_wconf 86' lang='lat' dir='ltr'>quem</span> <span class='ocrx_word' id='word_1_93' title='bbox 1145 729 1373 777; x_wconf 82' lang='lat' dir='ltr'>praefectum</span> <span class='ocrx_word' id='word_1_94' title='bbox 1392 728 1490 778; x_wconf 82' lang='lat' dir='ltr'>fecit,</span> <span class='ocrx_word' id='word_1_95' title='bbox 1515 728 1575 765; x_wconf 85' lang='lat' dir='ltr'>hic</span> <span class='ocrx_word' id='word_1_96' title='bbox 1590 728 1690 765; x_wconf 90' lang='lat' dir='ltr'>illum</span> <span class='ocrx_word' id='word_1_97' title='bbox 1712 728 1748 764; x_wconf 93' lang='lat' dir='ltr'>in</span> <span class='ocrx_word' id='word_1_98' title='bbox 1769 727 1834 764; x_wconf 86' lang='lat' dir='ltr'>tali</span> <span class='ocrx_word' id='word_1_99' title='bbox 1850 737 1892 764; x_wconf 89' lang='lat' dir='ltr'>re</span> <span class='ocrx_word' id='word_1_100' title='bbox 1907 730 2060 764; x_wconf 87' lang='lat' dir='ltr'>secutus</span> <span class='ocrx_word' id='word_1_101' title='bbox 2073 733 2137 765; x_wconf 85' lang='lat' dir='ltr'>est.</span> 
     </span>
    </p>
   </div>
   <div class='ocr_carea' id='block_1_7' title="bbox 274 823 2144 1552">
    <p class='ocr_par' dir='ltr' id='par_1_7' title="bbox 274 823 2144 1552">
     <span class='ocr_line' id='line_1_11' title="bbox 461 823 2139 880; baseline -0.001 -15"><span class='ocrx_word' id='word_1_102' title='bbox 461 827 693 880; x_wconf 85' lang='lat' dir='ltr'>Litigationis</span> <span class='ocrx_word' id='word_1_103' title='bbox 717 826 829 874; x_wconf 84' lang='lat' dir='ltr'>igitur</span> <span class='ocrx_word' id='word_1_104' title='bbox 852 825 945 862; x_wconf 87' lang='lat' dir='ltr'>satis</span> <span class='ocrx_word' id='word_1_105' title='bbox 968 826 1100 876; x_wconf 85' lang='lat' dir='ltr'>iustae,</span> <span class='ocrx_word' id='word_1_106' title='bbox 1123 827 1225 866; x_wconf 84' lang='lat' dir='ltr'>cuius</span> <span class='ocrx_word' id='word_1_107' title='bbox 1249 827 1377 866; x_wconf 86' lang='lat' dir='ltr'>Livius</span> <span class='ocrx_word' id='word_1_108' title='bbox 1392 830 1521 865; x_wconf 85' lang='lat' dir='ltr'>auctor</span> <span class='ocrx_word' id='word_1_109' title='bbox 1542 830 1612 876; x_wconf 87' lang='lat' dir='ltr'>est,</span> <span class='ocrx_word' id='word_1_110' title='bbox 1636 826 1729 864; x_wconf 86' lang='lat' dir='ltr'>haec</span> <span class='ocrx_word' id='word_1_111' title='bbox 1759 824 1827 863; x_wconf 83' lang='lat' dir='ltr'>fuit</span> <span class='ocrx_word' id='word_1_112' title='bbox 1849 835 1973 863; x_wconf 86' lang='lat' dir='ltr'>causa.</span> <span class='ocrx_word' id='word_1_113' title='bbox 2027 823 2139 875; x_wconf 75' lang='lat' dir='ltr'>Capta</span> 
     </span>
     <span class='ocr_line' id='line_1_12' title="bbox 281 893 2144 947; baseline -0.005 -6"><span class='ocrx_word' id='word_1_114' title='bbox 281 896 381 941; x_wconf 84' lang='lat' dir='ltr'>nova</span> <span class='ocrx_word' id='word_1_115' title='bbox 405 897 631 947; x_wconf 77' lang='lat' dir='ltr'>Carthagine</span> <span class='ocrx_word' id='word_1_116' title='bbox 656 906 736 932; x_wconf 90' lang='lat' dir='ltr'>cnm</span> <span class='ocrx_word' id='word_1_117' title='bbox 762 893 887 942; x_wconf 84' lang='lat' dir='ltr'>Scipio</span> <span class='ocrx_word' id='word_1_118' title='bbox 912 895 1148 943; x_wconf 87' lang='lat' dir='ltr'>praecipuum</span> <span class='ocrx_word' id='word_1_119' title='bbox 1169 895 1318 932; x_wconf 89' lang='lat' dir='ltr'>muralis</span> <span class='ocrx_word' id='word_1_120' title='bbox 1342 906 1497 932; x_wconf 86' lang='lat' dir='ltr'>coronae</span> <span class='ocrx_word' id='word_1_121' title='bbox 1518 895 1636 932; x_wconf 86' lang='lat' dir='ltr'>decus</span> <span class='ocrx_word' id='word_1_122' title='bbox 1658 894 1737 932; x_wconf 90' lang='lat' dir='ltr'>eius</span> <span class='ocrx_word' id='word_1_123' title='bbox 1760 904 1847 931; x_wconf 85' lang='lat' dir='ltr'>esse</span> <span class='ocrx_word' id='word_1_124' title='bbox 1870 893 2057 943; x_wconf 74' lang='lat' dir='ltr'>iudicaret,</span> <span class='ocrx_word' id='word_1_125' title='bbox 2081 895 2144 943; x_wconf 85' lang='lat' dir='ltr'>qui</span> 
     </span>
     <span class='ocr_line' id='line_1_13' title="bbox 283 960 2142 1020; baseline -0.004 -14"><span class='ocrx_word' id='word_1_126' title='bbox 283 970 420 1020; x_wconf 87' lang='lat' dir='ltr'>primus</span> <span class='ocrx_word' id='word_1_127' title='bbox 442 976 580 1002; x_wconf 85' lang='lat' dir='ltr'>murum</span> <span class='ocrx_word' id='word_1_128' title='bbox 604 961 836 1000; x_wconf 81' lang='lat' dir='ltr'>ascendisset</span> <span class='ocrx_word' id='word_1_129' title='bbox 869 965 908 998; x_wconf 87' lang='lat' dir='ltr'>et</span> <span class='ocrx_word' id='word_1_130' title='bbox 938 961 1104 1000; x_wconf 88' lang='lat' dir='ltr'>hortatus</span> <span class='ocrx_word' id='word_1_131' title='bbox 1131 966 1244 1009; x_wconf 85' lang='lat' dir='ltr'>esset,</span> <span class='ocrx_word' id='word_1_132' title='bbox 1272 965 1320 1011; x_wconf 86' lang='lat' dir='ltr'>ut,</span> <span class='ocrx_word' id='word_1_133' title='bbox 1347 963 1408 1011; x_wconf 86' lang='lat' dir='ltr'>qui</span> <span class='ocrx_word' id='word_1_134' title='bbox 1430 972 1474 1000; x_wconf 87' lang='lat' dir='ltr'>se</span> <span class='ocrx_word' id='word_1_135' title='bbox 1502 961 1651 1013; x_wconf 87' lang='lat' dir='ltr'>dignum</span> <span class='ocrx_word' id='word_1_136' title='bbox 1680 972 1724 999; x_wconf 93' lang='lat' dir='ltr'>eo</span> <span class='ocrx_word' id='word_1_137' title='bbox 1748 960 1900 999; x_wconf 90' lang='lat' dir='ltr'>duceret</span> <span class='ocrx_word' id='word_1_138' title='bbox 1924 960 2032 1011; x_wconf 90' lang='lat' dir='ltr'>dono,</span> <span class='ocrx_word' id='word_1_139' title='bbox 2055 972 2142 1009; x_wconf 84' lang='lat' dir='ltr'>pro-</span> 
     </span>
     <span class='ocr_line' id='line_1_14' title="bbox 282 1026 2142 1083; baseline -0.005 -8"><span class='ocrx_word' id='word_1_140' title='bbox 282 1038 459 1083; x_wconf 80' lang='lat' dir='ltr'>fiteretur,</span> <span class='ocrx_word' id='word_1_141' title='bbox 485 1032 556 1069; x_wconf 90' lang='lat' dir='ltr'>duo</span> <span class='ocrx_word' id='word_1_142' title='bbox 582 1029 741 1079; x_wconf 79' lang='lat' dir='ltr'>professi</span> <span class='ocrx_word' id='word_1_143' title='bbox 767 1032 866 1077; x_wconf 88' lang='lat' dir='ltr'>sunt,</span> <span class='ocrx_word' id='word_1_144' title='bbox 902 1028 946 1074; x_wconf 80' lang='lat' dir='ltr'>Q.</span> <span class='ocrx_word' id='word_1_145' title='bbox 970 1029 1179 1068; x_wconf 87' lang='lat' dir='ltr'>Trebellius</span> <span class='ocrx_word' id='word_1_146' title='bbox 1203 1029 1363 1067; x_wconf 86' lang='lat' dir='ltr'>centurio</span> <span class='ocrx_word' id='word_1_147' title='bbox 1394 1029 1552 1080; x_wconf 88' lang='lat' dir='ltr'>legionis</span> <span class='ocrx_word' id='word_1_148' title='bbox 1581 1032 1733 1078; x_wconf 83' lang='lat' dir='ltr'>quartae</span> <span class='ocrx_word' id='word_1_149' title='bbox 1770 1031 1808 1066; x_wconf 92' lang='lat' dir='ltr'>et</span> <span class='ocrx_word' id='word_1_150' title='bbox 1835 1026 1945 1065; x_wconf 84' lang='lat' dir='ltr'>Sext.</span> <span class='ocrx_word' id='word_1_151' title='bbox 1971 1029 2142 1079; x_wconf 85' lang='lat' dir='ltr'>Digitius,</span> 
     </span>
     <span class='ocr_line' id='line_1_15' title="bbox 283 1095 2143 1146; baseline -0.004 -5"><span class='ocrx_word' id='word_1_152' title='bbox 283 1103 405 1142; x_wconf 86' lang='lat' dir='ltr'>socius</span> <span class='ocrx_word' id='word_1_153' title='bbox 428 1099 585 1137; x_wconf 85' lang='lat' dir='ltr'>navalis.</span> <span class='ocrx_word' id='word_1_154' title='bbox 633 1096 793 1143; x_wconf 83' lang='lat' dir='ltr'>Quorum</span> <span class='ocrx_word' id='word_1_155' title='bbox 816 1095 999 1131; x_wconf 88' lang='lat' dir='ltr'>contentio</span> <span class='ocrx_word' id='word_1_156' title='bbox 1025 1107 1133 1143; x_wconf 90' lang='lat' dir='ltr'>quum</span> <span class='ocrx_word' id='word_1_157' title='bbox 1157 1096 1278 1134; x_wconf 89' lang='lat' dir='ltr'>studia</span> <span class='ocrx_word' id='word_1_158' title='bbox 1302 1096 1384 1132; x_wconf 89' lang='lat' dir='ltr'>hinc</span> <span class='ocrx_word' id='word_1_159' title='bbox 1408 1096 1699 1146; x_wconf 84' lang='lat' dir='ltr'>legionariorum,</span> <span class='ocrx_word' id='word_1_160' title='bbox 1728 1096 1814 1132; x_wconf 91' lang='lat' dir='ltr'>inde</span> <span class='ocrx_word' id='word_1_161' title='bbox 1837 1096 2025 1144; x_wconf 87' lang='lat' dir='ltr'>sociorum,</span> <span class='ocrx_word' id='word_1_162' title='bbox 2053 1106 2143 1133; x_wconf 89' lang='lat' dir='ltr'>con-</span> 
     </span>
     <span class='ocr_line' id='line_1_16' title="bbox 283 1162 2144 1214; baseline -0.004 -7"><span class='ocrx_word' id='word_1_163' title='bbox 283 1170 487 1214; x_wconf 83' lang='lat' dir='ltr'>citavisset,</span> <span class='ocrx_word' id='word_1_164' title='bbox 519 1164 644 1212; x_wconf 88' lang='lat' dir='ltr'>Scipio</span> <span class='ocrx_word' id='word_1_165' title='bbox 679 1166 960 1209; x_wconf 79' lang='lat' dir='ltr'>recuperatores</span> <span class='ocrx_word' id='word_1_166' title='bbox 987 1174 1030 1198; x_wconf 85' lang='lat' dir='ltr'>sc</span> <span class='ocrx_word' id='word_1_167' title='bbox 1068 1162 1233 1199; x_wconf 90' lang='lat' dir='ltr'>daturum</span> <span class='ocrx_word' id='word_1_168' title='bbox 1264 1163 1523 1210; x_wconf 71' lang='lat' dir='ltr'>pronunciavit.</span> <span class='ocrx_word' id='word_1_169' title='bbox 1576 1163 1663 1198; x_wconf 80' lang='lat' dir='ltr'>Erat</span> <span class='ocrx_word' id='word_1_170' title='bbox 1696 1163 1808 1213; x_wconf 89' lang='lat' dir='ltr'>igitur</span> <span class='ocrx_word' id='word_1_171' title='bbox 1835 1163 1929 1198; x_wconf 88' lang='lat' dir='ltr'>inter</span> <span class='ocrx_word' id='word_1_172' title='bbox 1957 1162 2072 1199; x_wconf 85' lang='lat' dir='ltr'>civem</span> <span class='ocrx_word' id='word_1_173' title='bbox 2105 1167 2144 1201; x_wconf 88' lang='lat' dir='ltr'>ct</span> 
     </span>
     <span class='ocr_line' id='line_1_17' title="bbox 281 1227 2141 1287; baseline -0.004 -13"><span class='ocrx_word' id='word_1_174' title='bbox 281 1235 518 1287; x_wconf 87' lang='lat' dir='ltr'>peregrinum</span> <span class='ocrx_word' id='word_1_175' title='bbox 539 1231 707 1281; x_wconf 80' lang='lat' dir='ltr'>litigatio.</span> <span class='ocrx_word' id='word_1_176' title='bbox 757 1227 861 1273; x_wconf 86' lang='lat' dir='ltr'>Quae</span> <span class='ocrx_word' id='word_1_177' title='bbox 886 1229 1105 1278; x_wconf 84' lang='lat' dir='ltr'>litigantium</span> <span class='ocrx_word' id='word_1_178' title='bbox 1131 1230 1287 1266; x_wconf 90' lang='lat' dir='ltr'>conditio</span> <span class='ocrx_word' id='word_1_179' title='bbox 1316 1242 1360 1267; x_wconf 88' lang='lat' dir='ltr'>eo</span> <span class='ocrx_word' id='word_1_180' title='bbox 1385 1230 1530 1266; x_wconf 88' lang='lat' dir='ltr'>maioris</span> <span class='ocrx_word' id='word_1_181' title='bbox 1556 1233 1615 1266; x_wconf 88' lang='lat' dir='ltr'>est</span> <span class='ocrx_word' id='word_1_182' title='bbox 1636 1229 1817 1277; x_wconf 87' lang='lat' dir='ltr'>momenti,</span> <span class='ocrx_word' id='word_1_183' title='bbox 1843 1240 1914 1277; x_wconf 90' lang='lat' dir='ltr'>quo</span> <span class='ocrx_word' id='word_1_184' title='bbox 1938 1231 2056 1266; x_wconf 84' lang='lat' dir='ltr'>serius</span> <span class='ocrx_word' id='word_1_185' title='bbox 2075 1241 2141 1267; x_wconf 83' lang='lat' dir='ltr'>re-</span> 
     </span>
     <span class='ocr_line' id='line_1_18' title="bbox 274 1291 2143 1352; baseline -0.003 -12"><span class='ocrx_word' id='word_1_186' title='bbox 274 1299 514 1352; x_wconf 65' lang='lat' dir='ltr'>‘cuperatoria</span> <span class='ocrx_word' id='word_1_187' title='bbox 543 1298 675 1333; x_wconf 84' lang='lat' dir='ltr'>iudicia</span> <span class='ocrx_word' id='word_1_188' title='bbox 705 1296 753 1332; x_wconf 90' lang='lat' dir='ltr'>de</span> <span class='ocrx_word' id='word_1_189' title='bbox 782 1295 918 1330; x_wconf 85' lang='lat' dir='ltr'>iniuriis</span> <span class='ocrx_word' id='word_1_190' title='bbox 930 1292 973 1343; x_wconf 77' lang='grc' dir='ltr'>ς)</span> <span class='ocrx_word' id='word_1_191' title='bbox 1004 1299 1042 1331; x_wconf 88' lang='lat' dir='ltr'>et</span> <span class='ocrx_word' id='word_1_192' title='bbox 1078 1296 1126 1332; x_wconf 85' lang='lat' dir='ltr'>de</span> <span class='ocrx_word' id='word_1_193' title='bbox 1154 1296 1193 1332; x_wconf 88' lang='lat' dir='ltr'>vi</span> <span class='ocrx_word' id='word_1_194' title='bbox 1222 1296 1422 1333; x_wconf 87' lang='lat' dir='ltr'>hominibus</span> <span class='ocrx_word' id='word_1_195' title='bbox 1454 1295 1590 1333; x_wconf 83' lang='lat' dir='ltr'>coactis</span> <span class='ocrx_word' id='word_1_196' title='bbox 1623 1295 1821 1333; x_wconf 83' lang='lat' dir='ltr'>armatisve</span> <span class='ocrx_word' id='word_1_197' title='bbox 1833 1291 1879 1344; x_wconf 82' lang='lat'>⁷)</span> <span class='ocrx_word' id='word_1_198' title='bbox 1906 1294 2076 1334; x_wconf 80' lang='lat' dir='ltr'>habenda</span> <span class='ocrx_word' id='word_1_199' title='bbox 2106 1297 2143 1334; x_wconf 85' lang='lat' dir='ltr'>in</span> 
     </span>
     <span class='ocr_line' id='line_1_19' title="bbox 284 1359 2142 1414; baseline -0.005 -5"><span class='ocrx_word' id='word_1_200' title='bbox 284 1371 442 1409; x_wconf 87' lang='lat' dir='ltr'>edictum</span> <span class='ocrx_word' id='word_1_201' title='bbox 472 1365 654 1414; x_wconf 83' lang='lat' dir='ltr'>praetoris</span> <span class='ocrx_word' id='word_1_202' title='bbox 682 1363 796 1399; x_wconf 84' lang='lat' dir='ltr'>inlata</span> <span class='ocrx_word' id='word_1_203' title='bbox 826 1366 911 1398; x_wconf 88' lang='lat' dir='ltr'>sunt</span> <span class='ocrx_word' id='word_1_204' title='bbox 923 1359 979 1410; x_wconf 78' lang='lat'>⁸),</span> <span class='ocrx_word' id='word_1_205' title='bbox 1007 1363 1057 1398; x_wconf 84' lang='lat' dir='ltr'>ita</span> <span class='ocrx_word' id='word_1_206' title='bbox 1088 1367 1127 1401; x_wconf 93' lang='lat' dir='ltr'>ut</span> <span class='ocrx_word' id='word_1_207' title='bbox 1150 1374 1173 1399; x_wconf 91' lang='lat' dir='ltr'>a</span> <span class='ocrx_word' id='word_1_208' title='bbox 1203 1362 1246 1408; x_wconf 80' lang='lat' dir='ltr'>Q.</span> <span class='ocrx_word' id='word_1_209' title='bbox 1276 1363 1432 1399; x_wconf 88' lang='lat' dir='ltr'>Antistio</span> <span class='ocrx_word' id='word_1_210' title='bbox 1457 1363 1634 1398; x_wconf 83' lang='lat' dir='ltr'>Labeone</span> <span class='ocrx_word' id='word_1_211' title='bbox 1659 1366 1697 1399; x_wconf 90' lang='lat' dir='ltr'>et</span> <span class='ocrx_word' id='word_1_212' title='bbox 1727 1362 1806 1410; x_wconf 89' lang='lat' dir='ltr'>ipso</span> <span class='ocrx_word' id='word_1_213' title='bbox 1833 1361 2009 1400; x_wconf 87' lang='lat' dir='ltr'>Cicerone</span> <span class='ocrx_word' id='word_1_214' title='bbox 2034 1364 2142 1400; x_wconf 79' lang='lat' dir='ltr'>etiam</span> 
     </span>
     <span class='ocr_line' id='line_1_20' title="bbox 284 1427 2140 1483; baseline -0.004 -8"><span class='ocrx_word' id='word_1_215' title='bbox 284 1445 434 1483; x_wconf 75' lang='lat' dir='ltr'>causae,</span> <span class='ocrx_word' id='word_1_216' title='bbox 460 1442 556 1481; x_wconf 82' lang='lat' dir='ltr'>quae</span> <span class='ocrx_word' id='word_1_217' title='bbox 578 1429 850 1466; x_wconf 77' lang='lat' dir='ltr'>inserendorum</span> <span class='ocrx_word' id='word_1_218' title='bbox 874 1438 1001 1464; x_wconf 84' lang='lat' dir='ltr'>ausam</span> <span class='ocrx_word' id='word_1_219' title='bbox 1020 1428 1221 1478; x_wconf 84' lang='lat' dir='ltr'>dedissent,</span> <span class='ocrx_word' id='word_1_220' title='bbox 1246 1429 1482 1475; x_wconf 81' lang='lat' dir='ltr'>referrentur,</span> <span class='ocrx_word' id='word_1_221' title='bbox 1509 1428 1606 1477; x_wconf 90' lang='lat' dir='ltr'>quod</span> <span class='ocrx_word' id='word_1_222' title='bbox 1627 1429 1692 1465; x_wconf 87' lang='lat' dir='ltr'>vix</span> <span class='ocrx_word' id='word_1_223' title='bbox 1714 1427 1848 1466; x_wconf 82' lang='lat' dir='ltr'>factum</span> <span class='ocrx_word' id='word_1_224' title='bbox 1878 1432 1991 1477; x_wconf 84' lang='lat' dir='ltr'>esset,</span> <span class='ocrx_word' id='word_1_225' title='bbox 2017 1430 2049 1466; x_wconf 87' lang='lat' dir='ltr'>si</span> <span class='ocrx_word' id='word_1_226' title='bbox 2077 1441 2140 1468; x_wconf 87' lang='lat' dir='ltr'>re-</span> 
     </span>
     <span class='ocr_line' id='line_1_21' title="bbox 283 1495 2141 1552; baseline -0.003 -10"><span class='ocrx_word' id='word_1_227' title='bbox 283 1505 540 1552; x_wconf 85' lang='lat' dir='ltr'>cuperatorum</span> <span class='ocrx_word' id='word_1_228' title='bbox 564 1498 660 1534; x_wconf 86' lang='lat' dir='ltr'>inter</span> <span class='ocrx_word' id='word_1_229' title='bbox 683 1496 786 1533; x_wconf 83' lang='lat' dir='ltr'>cives</span> <span class='ocrx_word' id='word_1_230' title='bbox 809 1495 1040 1533; x_wconf 86' lang='lat' dir='ltr'>iudicantium</span> <span class='ocrx_word' id='word_1_231' title='bbox 1062 1496 1261 1545; x_wconf 87' lang='lat' dir='ltr'>antiquitus</span> <span class='ocrx_word' id='word_1_232' title='bbox 1280 1497 1352 1534; x_wconf 84' lang='lat' dir='ltr'>iam</span> <span class='ocrx_word' id='word_1_233' title='bbox 1374 1496 1506 1534; x_wconf 81' lang='lat' dir='ltr'>suisset</span> <span class='ocrx_word' id='word_1_234' title='bbox 1529 1495 1765 1535; x_wconf 86' lang='lat' dir='ltr'>consuetudo.</span> <span class='ocrx_word' id='word_1_235' title='bbox 1811 1497 1942 1546; x_wconf 86' lang='lat' dir='ltr'>Itaque</span> <span class='ocrx_word' id='word_1_236' title='bbox 1966 1497 2015 1535; x_wconf 89' lang='lat' dir='ltr'>de</span> <span class='ocrx_word' id='word_1_237' title='bbox 2039 1502 2141 1536; x_wconf 90' lang='lat' dir='ltr'>utro-</span> 
     </span>
    </p>
   </div>
   <div class='ocr_carea' id='block_1_8' title="bbox 572 1587 758 1595">
    <p class='ocr_par' dir='ltr' id='par_1_8' title="bbox 572 1587 758 1595">
     <span class='ocr_line' id='line_1_22' title="bbox 572 1587 758 1595; baseline 0 1174"><span class='ocrx_word' id='word_1_238' title='bbox 572 1587 758 1595; x_wconf 95' lang='lat' dir='ltr'> </span> 
     </span>
    </p>
   </div>
   <div class='ocr_carea' id='block_1_9' title="bbox 396 1590 519 1597">
    <p class='ocr_par' dir='ltr' id='par_1_9' title="bbox 396 1590 519 1597">
     <span class='ocr_line' id='line_1_23' title="bbox 396 1590 519 1597; baseline 0 1172"><span class='ocrx_word' id='word_1_239' title='bbox 396 1590 519 1597; x_wconf 95' lang='lat' dir='ltr'> </span> 
     </span>
    </p>
   </div>
   <div class='ocr_carea' id='block_1_10' title="bbox 288 1590 569 1602">
    <p class='ocr_par' dir='ltr' id='par_1_10' title="bbox 288 1590 569 1602">
     <span class='ocr_line' id='line_1_24' title="bbox 288 1590 569 1602; baseline -0.007 0"><span class='ocrx_word' id='word_1_240' title='bbox 288 1594 389 1602; x_wconf 45' lang='grc' dir='ltr'>ν-</span> <span class='ocrx_word' id='word_1_241' title='bbox 525 1590 569 1596; x_wconf 85' lang='grc'>-·</span> 
     </span>
    </p>
   </div>
   <div class='ocr_carea' id='block_1_11' title="bbox 342 1641 1370 1687">
    <p class='ocr_par' dir='ltr' id='par_1_11' title="bbox 342 1641 1370 1687">
     <span class='ocr_line' id='line_1_25' title="bbox 342 1641 1370 1687; baseline -0.005 -12"><span class='ocrx_word' id='word_1_242' title='bbox 342 1648 375 1687; x_wconf 78' lang='lat'>1)</span> <span class='ocrx_word' id='word_1_243' title='bbox 400 1641 548 1680; x_wconf 83' lang='lat' dir='ltr'>Huschk.</span> <span class='ocrx_word' id='word_1_244' title='bbox 570 1653 605 1683; x_wconf 89' lang='lat' dir='ltr'>p.</span> <span class='ocrx_word' id='word_1_245' title='bbox 627 1643 697 1674; x_wconf 70' lang='lat'>245.</span> <span class='ocrx_word' id='word_1_246' title='bbox 727 1641 909 1674; x_wconf 84' lang='lat' dir='ltr'>Zimmern.</span> <span class='ocrx_word' id='word_1_247' title='bbox 930 1641 968 1674; x_wconf 86' lang='lat' dir='ltr'>T.</span> <span class='ocrx_word' id='word_1_248' title='bbox 988 1644 1017 1674; x_wconf 78' lang='lat'>8.</span> <span class='ocrx_word' id='word_1_249' title='bbox 1038 1641 1056 1678; x_wconf 67' lang='lat'><strong>5</strong></span> <span class='ocrx_word' id='word_1_250' title='bbox 1079 1643 1124 1674; x_wconf 85' lang='grc'><strong>17.</strong></span> <span class='ocrx_word' id='word_1_251' title='bbox 1145 1652 1178 1671; x_wconf 86' lang='lat' dir='ltr'>n.</span> <span class='ocrx_word' id='word_1_252' title='bbox 1199 1642 1248 1672; x_wconf 83' lang='lat'>18.</span> <span class='ocrx_word' id='word_1_253' title='bbox 1269 1648 1301 1670; x_wconf 87' lang='lat' dir='ltr'>et</span> <span class='ocrx_word' id='word_1_254' title='bbox 1321 1642 1370 1671; x_wconf 84' lang='lat'>19.</span> 
     </span>
    </p>
   </div>
   <div class='ocr_carea' id='block_1_12' title="bbox 341 1715 869 1823">
    <p class='ocr_par' dir='ltr' id='par_1_12' title="bbox 341 1715 869 1823">
     <span class='ocr_line' id='line_1_26' title="bbox 343 1715 506 1753; baseline -0.012 -7"><span class='ocrx_word' id='word_1_255' title='bbox 343 1716 378 1753; x_wconf 73' lang='grc' dir='ltr'>ε)</span> <span class='ocrx_word' id='word_1_256' title='bbox 402 1715 437 1746; x_wconf 85' lang='lat' dir='ltr'>P.</span> <span class='ocrx_word' id='word_1_257' title='bbox 458 1715 506 1744; x_wconf 69' lang='lat'>44.</span> 
     </span>
     <span class='ocr_line' id='line_1_27' title="bbox 341 1779 869 1823; baseline -0.015 -7"><span class='ocrx_word' id='word_1_258' title='bbox 341 1789 376 1822; x_wconf 75' lang='lat'>³)</span> <span class='ocrx_word' id='word_1_259' title='bbox 400 1783 479 1816; x_wconf 80' lang='lat' dir='ltr'>Sell.</span> <span class='ocrx_word' id='word_1_260' title='bbox 501 1793 535 1823; x_wconf 83' lang='lat' dir='ltr'>p.</span> <span class='ocrx_word' id='word_1_261' title='bbox 561 1784 624 1813; x_wconf 79' lang='lat'>171.</span> <span class='ocrx_word' id='word_1_262' title='bbox 651 1779 776 1811; x_wconf 86' lang='lat' dir='ltr'>Collm.</span> <span class='ocrx_word' id='word_1_263' title='bbox 798 1779 822 1809; x_wconf 91' lang='lat' dir='ltr'>l.</span> <span class='ocrx_word' id='word_1_264' title='bbox 843 1779 869 1809; x_wconf 91' lang='lat' dir='ltr'>l.</span> 
     </span>
    </p>
   </div>
   <div class='ocr_carea' id='block_1_13' title="bbox 340 1846 2142 2382">
    <p class='ocr_par' dir='ltr' id='par_1_13' title="bbox 340 1846 2142 2382">
     <span class='ocr_line' id='line_1_28' title="bbox 340 1846 2139 1893; baseline -0.001 -11"><span class='ocrx_word' id='word_1_265' title='bbox 340 1856 375 1893; x_wconf 75' lang='grc'>4)</span> <span class='ocrx_word' id='word_1_266' title='bbox 401 1854 506 1882; x_wconf 80' lang='lat' dir='ltr'>Immo</span> <span class='ocrx_word' id='word_1_267' title='bbox 529 1850 615 1880; x_wconf 85' lang='lat' dir='ltr'>actio</span> <span class='ocrx_word' id='word_1_268' title='bbox 638 1848 702 1879; x_wconf 85' lang='lat' dir='ltr'>fuit</span> <span class='ocrx_word' id='word_1_269' title='bbox 724 1850 784 1887; x_wconf 86' lang='lat' dir='ltr'>(et,</span> <span class='ocrx_word' id='word_1_270' title='bbox 810 1856 847 1878; x_wconf 88' lang='lat' dir='ltr'>ut</span> <span class='ocrx_word' id='word_1_271' title='bbox 866 1848 950 1878; x_wconf 77' lang='lat' dir='ltr'>iuris</span> <span class='ocrx_word' id='word_1_272' title='bbox 971 1846 1131 1878; x_wconf 86' lang='lat' dir='ltr'>vocabulo</span> <span class='ocrx_word' id='word_1_273' title='bbox 1153 1857 1235 1885; x_wconf 83' lang='lat' dir='ltr'>utar,</span> <span class='ocrx_word' id='word_1_274' title='bbox 1255 1848 1431 1879; x_wconf 79' lang='lat' dir='ltr'>honoraria</span> <span class='ocrx_word' id='word_1_275' title='bbox 1453 1849 1617 1891; x_wconf 87' lang='lat' dir='ltr'>quidem),</span> <span class='ocrx_word' id='word_1_276' title='bbox 1638 1858 1804 1891; x_wconf 82' lang='lat' dir='ltr'>uteunque</span> <span class='ocrx_word' id='word_1_277' title='bbox 1826 1850 1866 1881; x_wconf 82' lang='lat' dir='ltr'>de&#39;</span> <span class='ocrx_word' id='word_1_278' title='bbox 1885 1849 1974 1880; x_wconf 79' lang='lat' dir='ltr'>Celsi</span> <span class='ocrx_word' id='word_1_279' title='bbox 1999 1852 2069 1890; x_wconf 76' lang='lat' dir='ltr'>(Fr.</span> <span class='ocrx_word' id='word_1_280' title='bbox 2089 1855 2139 1883; x_wconf 75' lang='grc'><strong>51.</strong></span> 
     </span>
     <span class='ocr_line' id='line_1_29' title="bbox 396 1896 2140 1943; baseline 0.003 -18"><span class='ocrx_word' id='word_1_281' title='bbox 396 1900 473 1941; x_wconf 77' lang='lat' dir='ltr'>Dig,</span> <span class='ocrx_word' id='word_1_282' title='bbox 502 1899 540 1928; x_wconf 87' lang='lat' dir='ltr'>de</span> <span class='ocrx_word' id='word_1_283' title='bbox 569 1898 639 1929; x_wconf 87' lang='lat' dir='ltr'>obl.</span> <span class='ocrx_word' id='word_1_284' title='bbox 664 1906 707 1927; x_wconf 87' lang='lat' dir='ltr'>et.</span> <span class='ocrx_word' id='word_1_285' title='bbox 740 1905 818 1926; x_wconf 80' lang='lat' dir='ltr'>actt.</span> <span class='ocrx_word' id='word_1_286' title='bbox 848 1898 913 1936; x_wconf 76' lang='lat'>[44,</span> <span class='ocrx_word' id='word_1_287' title='bbox 936 1897 1002 1935; x_wconf 85' lang='lat'>7.])</span> <span class='ocrx_word' id='word_1_288' title='bbox 1036 1896 1226 1926; x_wconf 82' lang='lat' dir='ltr'>delinitione</span> <span class='ocrx_word' id='word_1_289' title='bbox 1254 1898 1382 1934; x_wconf 71' lang='lat' dir='ltr'>statuit,</span> <span class='ocrx_word' id='word_1_290' title='bbox 1408 1899 1450 1931; x_wconf 81' lang='lat' dir='ltr'>cf.</span> <span class='ocrx_word' id='word_1_291' title='bbox 1478 1898 1637 1940; x_wconf 75' lang='lat' dir='ltr'>savigny,</span> <span class='ocrx_word' id='word_1_292' title='bbox 1664 1900 1749 1940; x_wconf 81' lang='lat' dir='ltr'>Syst.</span> <span class='ocrx_word' id='word_1_293' title='bbox 1776 1899 1808 1928; x_wconf 83' lang='lat' dir='ltr'>d.</span> <span class='ocrx_word' id='word_1_294' title='bbox 1828 1898 1862 1932; x_wconf 79' lang='lat' dir='ltr'>h.</span> <span class='ocrx_word' id='word_1_295' title='bbox 1881 1909 1907 1931; x_wconf 81' lang='lat' dir='ltr'>r.</span> <span class='ocrx_word' id='word_1_296' title='bbox 1928 1900 1967 1932; x_wconf 83' lang='lat' dir='ltr'>R.</span> <span class='ocrx_word' id='word_1_297' title='bbox 1993 1909 2066 1943; x_wconf 82' lang='lat' dir='ltr'>pag.</span> <span class='ocrx_word' id='word_1_298' title='bbox 2092 1905 2140 1931; x_wconf 89' lang='grc'><strong>10.</strong></span> 
     </span>
     <span class='ocr_line' id='line_1_30' title="bbox 395 1945 2141 1990; baseline 0.001 -12"><span class='ocrx_word' id='word_1_299' title='bbox 395 1949 515 1990; x_wconf 74' lang='lat' dir='ltr'>Agitur</span> <span class='ocrx_word' id='word_1_300' title='bbox 536 1947 624 1978; x_wconf 86' lang='lat' dir='ltr'>enim</span> <span class='ocrx_word' id='word_1_301' title='bbox 647 1957 663 1977; x_wconf 87' lang='lat' dir='ltr'>e</span> <span class='ocrx_word' id='word_1_302' title='bbox 685 1946 816 1977; x_wconf 85' lang='lat' dir='ltr'>decreto</span> <span class='ocrx_word' id='word_1_303' title='bbox 834 1945 1007 1987; x_wconf 81' lang='lat' dir='ltr'>Scipionis</span> <span class='ocrx_word' id='word_1_304' title='bbox 1027 1945 1083 1985; x_wconf 81' lang='lat' dir='ltr'>(ef.</span> <span class='ocrx_word' id='word_1_305' title='bbox 1101 1945 1170 1979; x_wconf 80' lang='lat' dir='ltr'>Gai.</span> <span class='ocrx_word' id='word_1_306' title='bbox 1194 1948 1225 1983; x_wconf 77' lang='grc'>4,</span> <span class='ocrx_word' id='word_1_307' title='bbox 1248 1950 1342 1985; x_wconf 55' lang='lat' dir='ltr'>uo),</span> <span class='ocrx_word' id='word_1_308' title='bbox 1365 1947 1452 1989; x_wconf 83' lang='lat' dir='ltr'>„qui</span> <span class='ocrx_word' id='word_1_309' title='bbox 1471 1947 1698 1978; x_wconf 82' lang='lat' dir='ltr'>auctoritatem</span> <span class='ocrx_word' id='word_1_310' title='bbox 1721 1959 1809 1979; x_wconf 79' lang='lat' dir='ltr'>snam</span> <span class='ocrx_word' id='word_1_311' title='bbox 1825 1948 1984 1979; x_wconf 83' lang='lat' dir='ltr'>finiendae</span> <span class='ocrx_word' id='word_1_312' title='bbox 2007 1958 2141 1981; x_wconf 51' lang='lat' dir='ltr'>contro-¹</span> 
     </span>
     <span class='ocr_line' id='line_1_31' title="bbox 396 1995 2140 2039; baseline 0 -10"><span class='ocrx_word' id='word_1_313' title='bbox 396 1998 550 2029; x_wconf 79' lang='lat' dir='ltr'>versiae“</span> <span class='ocrx_word' id='word_1_314' title='bbox 572 2005 799 2038; x_wconf 83' lang='lat' dir='ltr'>proposuerat.</span> <span class='ocrx_word' id='word_1_315' title='bbox 843 1995 938 2036; x_wconf 86' lang='lat' dir='ltr'>Quod</span> <span class='ocrx_word' id='word_1_316' title='bbox 967 2004 1035 2024; x_wconf 86' lang='lat' dir='ltr'>tum</span> <span class='ocrx_word' id='word_1_317' title='bbox 1063 1995 1202 2025; x_wconf 80' lang='lat' dir='ltr'>maxime</span> <span class='ocrx_word' id='word_1_318' title='bbox 1226 1995 1331 2033; x_wconf 71' lang='lat' dir='ltr'>fiebat,</span> <span class='ocrx_word' id='word_1_319' title='bbox 1359 2008 1461 2034; x_wconf 84' lang='lat' dir='ltr'>„cum</span> <span class='ocrx_word' id='word_1_320' title='bbox 1482 1997 1521 2027; x_wconf 85' lang='lat' dir='ltr'>de</span> <span class='ocrx_word' id='word_1_321' title='bbox 1542 1997 1749 2038; x_wconf 71' lang='lat' dir='ltr'>possessione</span> <span class='ocrx_word' id='word_1_322' title='bbox 1769 2006 1823 2028; x_wconf 80' lang='lat' dir='ltr'>aut</span> <span class='ocrx_word' id='word_1_323' title='bbox 1844 1997 1959 2038; x_wconf 73' lang='lat' dir='ltr'>quasi</span> <span class='ocrx_word' id='word_1_324' title='bbox 1981 2008 2140 2039; x_wconf 71' lang='lat' dir='ltr'>posses-</span> 
     </span>
     <span class='ocr_line' id='line_1_32' title="bbox 397 2043 2141 2088; baseline 0.001 -10"><span class='ocrx_word' id='word_1_325' title='bbox 397 2048 550 2078; x_wconf 75' lang='lat' dir='ltr'>sione“</span> <span class='ocrx_word' id='word_1_326' title='bbox 578 2046 666 2076; x_wconf 84' lang='lat' dir='ltr'>inter</span> <span class='ocrx_word' id='word_1_327' title='bbox 692 2044 824 2086; x_wconf 80' lang='lat' dir='ltr'>aliquos</span> <span class='ocrx_word' id='word_1_328' title='bbox 853 2043 1107 2074; x_wconf 80' lang='lat' dir='ltr'>contendebatur</span> <span class='ocrx_word' id='word_1_329' title='bbox 1133 2044 1188 2080; x_wconf 88' lang='lat' dir='ltr'>(G.</span> <span class='ocrx_word' id='word_1_330' title='bbox 1213 2047 1244 2082; x_wconf 76' lang='lat'>4,</span> <span class='ocrx_word' id='word_1_331' title='bbox 1267 2047 1351 2083; x_wconf 75' lang='lat'>1³9).</span> <span class='ocrx_word' id='word_1_332' title='bbox 1393 2047 1534 2088; x_wconf 86' lang='lat' dir='ltr'>„Neque</span> <span class='ocrx_word' id='word_1_333' title='bbox 1561 2054 1666 2078; x_wconf 80' lang='lat' dir='ltr'>tamen</span> <span class='ocrx_word' id='word_1_334' title='bbox 1693 2050 1740 2085; x_wconf 79' lang='lat'>(4,</span> <span class='ocrx_word' id='word_1_335' title='bbox 1768 2047 1852 2087; x_wconf 80' lang='lat' dir='ltr'>ut.)</span> <span class='ocrx_word' id='word_1_336' title='bbox 1879 2058 1953 2078; x_wconf 88' lang='lat' dir='ltr'>cum</span> <span class='ocrx_word' id='word_1_337' title='bbox 1980 2047 2141 2087; x_wconf 57' lang='lat' dir='ltr'>decreto)</span> 
     </span>
     <span class='ocr_line' id='line_1_33' title="bbox 398 2093 2142 2139; baseline 0.001 -12"><span class='ocrx_word' id='word_1_338' title='bbox 398 2096 479 2138; x_wconf 86' lang='lat' dir='ltr'>quid</span> <span class='ocrx_word' id='word_1_339' title='bbox 499 2096 634 2126; x_wconf 78' lang='lat' dir='ltr'>iusserit</span> <span class='ocrx_word' id='word_1_340' title='bbox 657 2097 818 2136; x_wconf 65' lang='lat' dir='ltr'>(praetor)</span> <span class='ocrx_word' id='word_1_341' title='bbox 840 2093 925 2131; x_wconf 83' lang='lat' dir='ltr'>fieri,</span> <span class='ocrx_word' id='word_1_342' title='bbox 947 2103 1003 2124; x_wconf 84' lang='lat' dir='ltr'>aut</span> <span class='ocrx_word' id='word_1_343' title='bbox 1022 2093 1232 2131; x_wconf 87' lang='lat' dir='ltr'>(interdicto)</span> <span class='ocrx_word' id='word_1_344' title='bbox 1254 2095 1325 2125; x_wconf 82' lang='lat' dir='ltr'>fieri</span> <span class='ocrx_word' id='word_1_345' title='bbox 1339 2095 1551 2137; x_wconf 82' lang='lat' dir='ltr'>prohibuerit</span> <span class='ocrx_word' id='word_1_346' title='bbox 1571 2097 1679 2127; x_wconf 84' lang='lat' dir='ltr'>statim</span> <span class='ocrx_word' id='word_1_347' title='bbox 1701 2106 1866 2138; x_wconf 81' lang='lat' dir='ltr'>peractum</span> <span class='ocrx_word' id='word_1_348' title='bbox 1887 2105 1937 2127; x_wconf 77' lang='lat' dir='ltr'>est</span> <span class='ocrx_word' id='word_1_349' title='bbox 1957 2098 2142 2139; x_wconf 85' lang='lat' dir='ltr'>negotium,</span> 
     </span>
     <span class='ocr_line' id='line_1_34' title="bbox 398 2143 2140 2187; baseline 0.003 -13"><span class='ocrx_word' id='word_1_350' title='bbox 398 2146 470 2177; x_wconf 68' lang='lat' dir='ltr'>sed</span> <span class='ocrx_word' id='word_1_351' title='bbox 505 2144 549 2174; x_wconf 84' lang='lat' dir='ltr'>ad</span> <span class='ocrx_word' id='word_1_352' title='bbox 587 2143 766 2174; x_wconf 87' lang='lat' dir='ltr'>iudicem</span> <span class='ocrx_word' id='word_1_353' title='bbox 795 2151 1171 2184; x_wconf 80' lang='lat' dir='ltr'>recuperatoresve</span> <span class='ocrx_word' id='word_1_354' title='bbox 1203 2143 1312 2181; x_wconf 79' lang='lat' dir='ltr'>itur,</span> <span class='ocrx_word' id='word_1_355' title='bbox 1347 2154 1379 2175; x_wconf 75' lang='lat' dir='ltr'>et</span> <span class='ocrx_word' id='word_1_356' title='bbox 1404 2153 1474 2175; x_wconf 87' lang='lat' dir='ltr'>tum</span> <span class='ocrx_word' id='word_1_357' title='bbox 1495 2144 1544 2175; x_wconf 90' lang='lat' dir='ltr'>ibi</span> <span class='ocrx_word' id='word_1_358' title='bbox 1567 2145 1663 2176; x_wconf 84' lang='lat' dir='ltr'>editis</span> <span class='ocrx_word' id='word_1_359' title='bbox 1685 2144 1840 2177; x_wconf 71' lang='lat' dir='ltr'>formulis</span> <span class='ocrx_word' id='word_1_360' title='bbox 1862 2145 2031 2187; x_wconf 79' lang='lat' dir='ltr'>quaeritur</span> <span class='ocrx_word' id='word_1_361' title='bbox 2049 2152 2140 2179; x_wconf 79' lang='lat' dir='ltr'>etc.“</span> 
     </span>
     <span class='ocr_line' id='line_1_35' title="bbox 396 2191 2141 2236; baseline 0.001 -11"><span class='ocrx_word' id='word_1_362' title='bbox 396 2196 468 2227; x_wconf 84' lang='lat' dir='ltr'>Nec</span> <span class='ocrx_word' id='word_1_363' title='bbox 488 2194 524 2224; x_wconf 87' lang='lat' dir='ltr'>id</span> <span class='ocrx_word' id='word_1_364' title='bbox 544 2192 783 2234; x_wconf 85' lang='lat' dir='ltr'>impedimento</span> <span class='ocrx_word' id='word_1_365' title='bbox 805 2203 874 2223; x_wconf 76' lang='lat' dir='ltr'>esse</span> <span class='ocrx_word' id='word_1_366' title='bbox 894 2191 1077 2228; x_wconf 81' lang='lat' dir='ltr'>videbitur,</span> <span class='ocrx_word' id='word_1_367' title='bbox 1100 2192 1217 2233; x_wconf 63' lang='lat' dir='ltr'>„quod</span> <span class='ocrx_word' id='word_1_368' title='bbox 1236 2204 1293 2234; x_wconf 83' lang='lat' dir='ltr'>par</span> <span class='ocrx_word' id='word_1_369' title='bbox 1314 2194 1485 2235; x_wconf 79' lang='lat' dir='ltr'>utriusque</span> <span class='ocrx_word' id='word_1_370' title='bbox 1502 2194 1681 2236; x_wconf 72' lang='lat' dir='ltr'>litigatoris</span> <span class='ocrx_word' id='word_1_371' title='bbox 1701 2195 1739 2225; x_wconf 86' lang='lat' dir='ltr'>in</span> <span class='ocrx_word' id='word_1_372' title='bbox 1759 2194 1811 2225; x_wconf 74' lang='lat' dir='ltr'>his</span> <span class='ocrx_word' id='word_1_373' title='bbox 1833 2194 1981 2226; x_wconf 85' lang='lat' dir='ltr'>conditio</span> <span class='ocrx_word' id='word_1_374' title='bbox 2000 2205 2061 2233; x_wconf 67' lang='lat' dir='ltr'>est,</span> <span class='ocrx_word' id='word_1_375' title='bbox 2082 2208 2141 2227; x_wconf 83' lang='lat' dir='ltr'>nec</span> 
     </span>
     <span class='ocr_line' id='line_1_36' title="bbox 398 2240 2140 2285; baseline -0.001 -12"><span class='ocrx_word' id='word_1_376' title='bbox 398 2244 571 2284; x_wconf 73' lang='lat' dir='ltr'>quisquam</span> <span class='ocrx_word' id='word_1_377' title='bbox 595 2242 768 2283; x_wconf 80' lang='lat' dir='ltr'>praecipue</span> <span class='ocrx_word' id='word_1_378' title='bbox 791 2252 863 2271; x_wconf 81' lang='lat' dir='ltr'>reus</span> <span class='ocrx_word' id='word_1_379' title='bbox 889 2241 946 2271; x_wconf 81' lang='lat' dir='ltr'>vel</span> <span class='ocrx_word' id='word_1_380' title='bbox 970 2250 1061 2271; x_wconf 82' lang='lat' dir='ltr'>actor</span> <span class='ocrx_word' id='word_1_381' title='bbox 1089 2240 1317 2282; x_wconf 81' lang='lat' dir='ltr'>intelligitur“</span> <span class='ocrx_word' id='word_1_382' title='bbox 1346 2243 1433 2282; x_wconf 75' lang='lat' dir='ltr'>(Gai.</span> <span class='ocrx_word' id='word_1_383' title='bbox 1458 2246 1488 2279; x_wconf 79' lang='grc'>4,</span> <span class='ocrx_word' id='word_1_384' title='bbox 1517 2244 1614 2281; x_wconf 61' lang='lat'>¹³8),</span> <span class='ocrx_word' id='word_1_385' title='bbox 1635 2254 1709 2273; x_wconf 83' lang='lat' dir='ltr'>cum</span> <span class='ocrx_word' id='word_1_386' title='bbox 1731 2242 1796 2273; x_wconf 76' lang='lat' dir='ltr'>line</span> <span class='ocrx_word' id='word_1_387' title='bbox 1815 2243 1912 2273; x_wconf 77' lang='lat' dir='ltr'>etiam</span> <span class='ocrx_word' id='word_1_388' title='bbox 1933 2243 1970 2273; x_wconf 86' lang='lat' dir='ltr'>in</span> <span class='ocrx_word' id='word_1_389' title='bbox 1988 2244 2140 2285; x_wconf 83' lang='lat' dir='ltr'>prohibi.</span> 
     </span>
     <span class='ocr_line' id='line_1_37' title="bbox 398 2288 2140 2332; baseline 0.002 -10"><span class='ocrx_word' id='word_1_390' title='bbox 398 2291 497 2323; x_wconf 76' lang='lat' dir='ltr'>toriis</span> <span class='ocrx_word' id='word_1_391' title='bbox 520 2290 705 2321; x_wconf 80' lang='lat' dir='ltr'>interdictis</span> <span class='ocrx_word' id='word_1_392' title='bbox 727 2299 759 2321; x_wconf 90' lang='lat' dir='ltr'>et</span> <span class='ocrx_word' id='word_1_393' title='bbox 779 2290 823 2321; x_wconf 78' lang='lat' dir='ltr'>iis</span> <span class='ocrx_word' id='word_1_394' title='bbox 846 2290 994 2332; x_wconf 88' lang='lat' dir='ltr'>quidem,</span> <span class='ocrx_word' id='word_1_395' title='bbox 1016 2300 1098 2331; x_wconf 80' lang='lat' dir='ltr'>quae</span> <span class='ocrx_word' id='word_1_396' title='bbox 1118 2288 1263 2331; x_wconf 83' lang='lat' dir='ltr'>duplicia</span> <span class='ocrx_word' id='word_1_397' title='bbox 1279 2302 1450 2329; x_wconf 80' lang='lat' dir='ltr'>vocantur,</span> <span class='ocrx_word' id='word_1_398' title='bbox 1473 2292 1509 2322; x_wconf 85' lang='lat' dir='ltr'>in</span> <span class='ocrx_word' id='word_1_399' title='bbox 1530 2303 1589 2322; x_wconf 85' lang='lat' dir='ltr'>usn</span> <span class='ocrx_word' id='word_1_400' title='bbox 1608 2293 1723 2330; x_wconf 83' lang='lat' dir='ltr'>fuerit,</span> <span class='ocrx_word' id='word_1_401' title='bbox 1744 2304 1784 2324; x_wconf 84' lang='lat' dir='ltr'>ne</span> <span class='ocrx_word' id='word_1_402' title='bbox 1806 2292 1844 2323; x_wconf 85' lang='lat' dir='ltr'>de</span> <span class='ocrx_word' id='word_1_403' title='bbox 1864 2291 1940 2324; x_wconf 74' lang='lat' dir='ltr'>alii·</span> <span class='ocrx_word' id='word_1_404' title='bbox 1955 2293 2140 2326; x_wconf 74' lang='lat' dir='ltr'>actionibus</span> 
     </span>
     <span class='ocr_line' id='line_1_38' title="bbox 399 2337 1647 2382; baseline 0 -11"><span class='ocrx_word' id='word_1_405' title='bbox 399 2341 592 2382; x_wconf 84' lang='lat' dir='ltr'>duplicibus</span> <span class='ocrx_word' id='word_1_406' title='bbox 613 2337 769 2374; x_wconf 69' lang='lat' dir='ltr'>moneam.</span> <span class='ocrx_word' id='word_1_407' title='bbox 796 2341 846 2374; x_wconf 84' lang='lat' dir='ltr'>Cf.</span> <span class='ocrx_word' id='word_1_408' title='bbox 868 2340 1024 2381; x_wconf 72' lang='lat' dir='ltr'>Savigny,</span> <span class='ocrx_word' id='word_1_409' title='bbox 1047 2341 1132 2379; x_wconf 76' lang='lat' dir='ltr'>Syn.</span> <span class='ocrx_word' id='word_1_410' title='bbox 1155 2339 1186 2370; x_wconf 83' lang='lat' dir='ltr'>d.</span> <span class='ocrx_word' id='word_1_411' title='bbox 1207 2339 1240 2372; x_wconf 86' lang='lat' dir='ltr'>h.</span> <span class='ocrx_word' id='word_1_412' title='bbox 1264 2352 1291 2373; x_wconf 75' lang='lat' dir='ltr'>r,</span> <span class='ocrx_word' id='word_1_413' title='bbox 1316 2343 1353 2370; x_wconf 71' lang='lat' dir='ltr'>P..</span> <span class='ocrx_word' id='word_1_414' title='bbox 1375 2347 1404 2374; x_wconf 75' lang='lat'>5.</span> <span class='ocrx_word' id='word_1_415' title='bbox 1430 2353 1463 2382; x_wconf 84' lang='lat' dir='ltr'>p.</span> <span class='ocrx_word' id='word_1_416' title='bbox 1485 2346 1549 2371; x_wconf 74' lang='grc'><strong>151.</strong></span> <span class='ocrx_word' id='word_1_417' title='bbox 1574 2352 1647 2382; x_wconf 75' lang='lat' dir='ltr'>sqq.</span> 
     </span>
    </p>
   </div>
   <div class='ocr_carea' id='block_1_14' title="bbox 277 2409 2140 2524">
    <p class='ocr_par' dir='ltr' id='par_1_14' title="bbox 277 2409 2140 2524">
     <span class='ocr_line' id='line_1_39' title="bbox 342 2409 1504 2452; baseline 0 -10"><span class='ocrx_word' id='word_1_418' title='bbox 342 2414 377 2452; x_wconf 67' lang='grc' dir='ltr'>ὅ)</span> <span class='ocrx_word' id='word_1_419' title='bbox 402 2411 481 2442; x_wconf 79' lang='lat' dir='ltr'>Liv.</span> <span class='ocrx_word' id='word_1_420' title='bbox 503 2410 554 2447; x_wconf 73' lang='lat'>28,</span> <span class='ocrx_word' id='word_1_421' title='bbox 575 2412 623 2443; x_wconf 73' lang='lat'>24.</span> <span class='ocrx_word' id='word_1_422' title='bbox 1239 2412 1272 2445; x_wconf 79' lang='lat'>6)</span> <span class='ocrx_word' id='word_1_423' title='bbox 1297 2409 1381 2443; x_wconf 84' lang='lat' dir='ltr'>Gell.</span> <span class='ocrx_word' id='word_1_424' title='bbox 1403 2414 1453 2448; x_wconf 82' lang='lat'>20,</span> <span class='ocrx_word' id='word_1_425' title='bbox 1475 2415 1504 2443; x_wconf 82' lang='lat'>1.</span> 
     </span>
     <span class='ocr_line' id='line_1_40' title="bbox 277 2466 2140 2524; baseline -0.001 -12"><span class='ocrx_word' id='word_1_426' title='bbox 277 2470 281 2474; x_wconf 34' lang='lat'><strong>⁴</strong></span> <span class='ocrx_word' id='word_1_427' title='bbox 339 2483 374 2521; x_wconf 80' lang='lat'>7)</span> <span class='ocrx_word' id='word_1_428' title='bbox 400 2481 470 2512; x_wconf 90' lang='lat' dir='ltr'>Cic.</span> <span class='ocrx_word' id='word_1_429' title='bbox 491 2490 524 2519; x_wconf 79' lang='grc' dir='ltr'>Ρ.</span> <span class='ocrx_word' id='word_1_430' title='bbox 546 2478 636 2512; x_wconf 89' lang='lat' dir='ltr'>Tull.</span> <span class='ocrx_word' id='word_1_431' title='bbox 658 2482 706 2509; x_wconf 75' lang='lat'>12.</span> <span class='ocrx_word' id='word_1_432' title='bbox 1240 2481 1275 2518; x_wconf 85' lang='lat'>8)</span> <span class='ocrx_word' id='word_1_433' title='bbox 1298 2466 1341 2512; x_wconf 68' lang='lat' dir='ltr'>V.</span> <span class='ocrx_word' id='word_1_434' title='bbox 1361 2479 1548 2510; x_wconf 75' lang='lat' dir='ltr'>doctissimi</span> <span class='ocrx_word' id='word_1_435' title='bbox 1563 2479 1662 2510; x_wconf 88' lang='lat' dir='ltr'>Sellii</span> <span class='ocrx_word' id='word_1_436' title='bbox 1676 2480 1920 2522; x_wconf 78' lang='lat' dir='ltr'>expositionem</span> <span class='ocrx_word' id='word_1_437' title='bbox 1939 2492 1973 2523; x_wconf 76' lang='lat' dir='ltr'>p,</span> <span class='ocrx_word' id='word_1_438' title='bbox 1986 2484 2140 2524; x_wconf 53' lang='lat' dir='ltr'>{GR-qq.</span> 
     </span>
    </p>
   </div>
  </div>
 </body>
</html>
