2310 2783
1187 172 1242 214 10

282 292 408 330 iit-dine
431 292 601 342 imprimis
623 298 765 331 cantum
789 292 902 330 fuisse
927 289 1066 342 [veluti
1089 305 1136 330 ne
1158 305 1250 331 reus·
1266 296 1301 330 in
1323 292 1466 332 vincula
1489 293 1752 343 contineretur)
1776 301 1815 335 et
1838 298 1950 336 rebus
1973 309 2129 337 consen-,-

283 364 427 397 taneum
450 362 630 397 videbitur
652 367 690 398 et
709 362 932 411 antiquitatis
954 362 1166 398 testimoniis
1187 358 1483 412 contimtum-*J
1525 363 1667 408 Forum,
1690 364 1786 411 quod
1806 365 1949 415 seimus,
1972 367 2130 414 plerum-

283 437 355 475 que
379 428 433 464 rei
458 427 524 465 fuit
535 426 598 478 ²),
631 440 692 466 res
716 432 807 467 satis
832 432 1051 478 importuna,
1082 429 1114 465 si
1145 430 1363 480 peregrinus
1387 441 1472 467 reus
1499 433 1596 478 erat,
1620 429 1714 478 quod
1738 434 1859 468 tamen
1883 433 1994 470 multo
2014 433 2131 470 rarius

283 505 351 530 usu
379 495 527 533 venisse
557 507 663 545 quam
686 496 824 534 Sellius
855 498 1064 535 existimare
1091 496 1237 533 videtur
1248 493 1313 546 ³),
1347 509 1395 534 ex
1419 498 1593 533 hominum
1623 501 1661 534 et
1689 508 1809 535 rerum
1836 499 1932 546 apud
1964 501 2132 549 antiquos

284 562 415 599 natur'a
437 564 614 607 coniicere
642 564 737 600 licet.
786 563 958 602 Ceterum
982 564 1017 600 in
1042 564 1162 601 causis
1196 564 1410 612 quibusdam
1438 564 1594 601 desinitis
1619 565 1758 614 negotii
1780 565 1891 614 gesti·
1905 565 2021 604 sorum
2046 578 2132 605 esse

284 628 493 678 poten-affl).
541 631 646 668 Unde
672 632 891 679 probabilius
916 633 1074 669 fortasse
1096 631 1291 682 videbitur,
1316 633 1348 669 si
1377 632 1445 668 sori
1468 633 1524 668 ius
1548 642 1692 680 quoque
1717 633 1826 670 clvile
1849 634 1887 670 in
1908 634 1988 671 eius
2010 645 2131 685 gene-

0 839 112 890 sasaeu
133 841 295 901 kybur-

0 900 126 933 [νιν-Ω.
159 900 299 942 Zslty.

399 761 502 802 δίκας
523 760 650 797 δοῦναι
671 769 834 809 pertinere
856 770 950 799 docet
971 770 1089 799 Thom.
1118 771 1203 811 Mag.
1231 772 1280 805 99,
1302 771 1329 801 9,
1356 769 1396 801 cf.
1423 773 1491 805 369,
1520 771 1567 799 u.
1597 768 1753 806 (Ritsch.)
1779 770 1901 801 Herod.
1929 773 1960 807 1,
1987 774 2016 803 8.
2042 774 2071 801 8.
2099 775 2130 806 9,

400 818 446 847 94.
472 817 571 857 Soph.
593 817 711 849 Electr.
734 821 801 847 2⁴0.
831 811 957 854 (Δίκας
985 814 1099 847 αἰτεῖν
1120 828 1167 848 est
1184 829 1235 859 ap.
1254 817 1375 847 Herod.
1398 821 1427 853 1,
1450 822 1478 848 2.
1499 822 1526 850 3.
1548 821 1578 854 4,
1600 821 1667 849 16⁴.
1689 827 1720 848 et
1740 817 1795 855 ah,
1836 812 1937 854 δίκας
1973 808 2132 859 ἀρέσθαι

401 877 450 905 ap.
472 866 570 906 Soph.
593 866 642 898 El.
664 868 729 902 34.)
752 860 854 902 δίκην
880 856 1026 894 διδόναι
1052 867 1163 896 eodem
1187 877 1282 896 sensu
1302 875 1349 895 est
1373 877 1421 906 ap.
1441 866 1515 899 Plat.
1532 868 1630 908 Gorg.
1652 878 1672 907 p
1707 868 1773 897 ⁴72.
1796 869 1833 896 E.
1849 870 1916 897 476.
1940 868 1979 897 Α.
1999 867 2130 897 Theact.

401 919 453 943 ist
496 918 535 943 A.
564 915 648 944 Crat.
678 918 733 944 400
766 915 790 943 C
824 914 913 954 Soph
952 916 1027 946 Aut.
1055 920 1122 945 303.
1152 925 1182 945 et
1209 915 1250 945 al.
1291 917 1395 944 Immo
1430 909 1532 951 δίκην
1561 908 1685 953 λαβεῖν
1715 915 1836 948 Herod.
1853 919 1882 952 1,
1901 919 1965 946 11³.
1998 910 2132 953 (Δίκην

401 952 529 1002 ὄφλειν
552 974 589 1003 ap
623 963 779 1003 Sophocl.
801 965 851 995 Fr.
874 962 979 1003 Polyx
1013 967 1069 993 470
1101 966 1132 994 D
1166 964 1205 995 cf.
1229 962 1355 993 Ruhnk.
1377 963 1414 992 ad
1437 963 1514 993 Plat.
1535 963 1623 994 Tim.
1645 974 1675 1004 p.
1698 967 1766 996 2⁰8.
1788 957 1821 992 δ.
1842 957 2034 1002 αἱρεῖσθαι
2052 965 2130 994 Her.

400 1013 430 1047 9,
453 1013 501 1040 94.
523 1005 669 1039 ἐκτίνειν
690 1012 760 1041 ibid
793 1021 823 1041 et
845 1023 883 1052 ap
916 1013 995 1046 Plut.
1017 1012 1130 1042 Phaed.
1151 1016 1198 1044 81.
1221 1014 1260 1043 D.
1280 1012 1408 1042 Theaet.
1434 1015 1494 1043 177.
1515 1014 1543 1042 A
1559 1014 1582 1049 ).
1618 1011 1709 1042 Unde
1733 1022 1800 1041 non
1821 1011 2058 1042 accuratissime
2081 1012 2131 1043 di-

401 1059 542 1101 stinguit
564 1060 667 1093 Orell.
690 1061 727 1090 ad
751 1061 855 1091 Aesch
888 1061 1033 1102 Ctesiph.
1056 1073 1082 1091 c.
1105 1065 1152 1091 δᾶ.
1176 1061 1232 1100 (ed
1264 1063 1407 1097 Brenn),
1429 1072 1523 1101 quem
1547 1071 1673 1091 secutus
1695 1069 1741 1091 est
1763 1062 1874 1102 Poppo
1896 1060 1932 1090 in
1950 1061 2020 1091 Iud.
2042 1061 2130 1093 Thn-

401 1110 473 1149 cyd.
496 1121 529 1150 p.
551 1113 634 1146 395„
659 1111 810 1151 quamvis
833 1110 1028 1151 plerumque
1048 1122 1098 1141 res
1118 1112 1163 1140 ita
1186 1122 1217 1140 se
1239 1111 1361 1146 habeat,
1383 1119 1416 1140 ut
1441 1099 1582 1139 διδόναι
1608 1103 1710 1147 δίκην
1729 1110 1772 1140 sit
1793 1120 1937 1151 „poenas
1961 1110 2075 1148 ἀει-θ’,
2100 1105 2130 1140 δ.

402 1151 504 1192 δίκας
526 1159 719 1195 „iudicibus
744 1171 811 1189 rem
834 1160 1070 1199 disceptandam
1093 1171 1126 1189 nc
1147 1159 1384 1189 diiudicandam
1407 1158 1633 1198 relinquere.“
1658 1160 1692 1189 cf
1722 1159 1823 1189 Thuc.
1844 1163 1882 1196 ὁ,
1903 1162 1950 1189 79.
1975 1163 2008 1196 1,
2030 1163 2078 1191 88.
2101 1164 2130 1196 1,

401 1210 451 1237 8⁵.
474 1210 538 1240 144.
560 1213 590 1244 5,
613 1212 662 1239 27.
688 1218 719 1239 et
740 1209 838 1239 Schol
871 1209 908 1238 ad
930 1210 1030 1239 Thuc.
1059 1213 1084 1245 1,
1110 1213 1170 1246 28,
1195 1209 1250 1249 qni
1277 1201 1377 1242 δίκας
1406 1199 1547 1244 ἤθελον
1577 1199 1705 1237 δοῦναι
1742 1207 1901 1249 explicat:
1939 1202 2131 1247 ἐπιτρέψαι

403 1248 622 1296 δικαστηρίῳ
653 1252 715 1285 καὶ
744 1250 919 1296 κριθῆναι
950 1248 1152 1295 ἐβούλοντο.
1178 1260 1215 1290 V,
1238 1258 1332 1287 etiam
1355 1257 1388 1288 C.
1412 1256 1526 1287 Odosr.
1548 1254 1686 1285 Mulleri
1705 1257 1828 1287 Dorier
1850 1261 1884 1293 1,
1906 1254 1974 1287 183.
2021 1252 2133 1292 Δίκας

403 1293 605 1341 λαμβάνειν
626 1299 684 1334 καὶ
708 1298 837 1333 δοῦναι
859 1306 921 1335 rite
942 1305 1088 1335 adhibuit
1115 1307 1210 1336 etiam
1230 1306 1320 1335 Plato
1349 1305 1386 1334 de
1406 1305 1506 1346 Legg.
1529 1307 1564 1339 6,
1587 1307 1654 1334 778.
1676 1305 1710 1335 C.
1752 1298 1890 1334 Δοῦναι
1917 1301 1974 1334 καὶ
1994 1295 2132 1355 λαμβά-

403 1356 478 1378 νειν
503 1345 628 1388 δίκην
658 1353 768 1383 eodem
792 1364 886 1383 sensu
907 1363 954 1384 est
974 1355 1010 1383 in
1030 1356 1151 1395 Hymn.
1174 1356 1209 1384 in
1233 1357 1331 1384 Merc.
1354 1366 1376 1383 v
1408 1358 1474 1383 312.
1500 1352 1705 1393 Thucydides
1727 1353 1823 1383 etium
1859 1346 1960 1387 δίκας
1990 1345 2133 1381 &domu

405 1393 464 1426 καὶ
489 1391 700 1437 δέχεσθαι
725 1402 811 1431 dixit
832 1406 860 1439 1,
885 1407 938 1433 110
960 1412 990 1433 et
1010 1402 1051 1432 al.
1092 1406 1133 1433 At
1157 1394 1202 1431 τα
1228 1396 1348 1431 δίκαια
1368 1393 1566 1439 λαμβανειν
1592 1401 1673 1442 quid
1700 1402 1862 1443 significet
1889 1409 1920 1430 et
1945 1399 2130 1430 locutiones

404 1436 450 1474 τά
477 1439 599 1475 δίκαια
622 1450 741 1479 ποιεῖν
766 1456 845 1484 τινι,
870 1458 899 1480 τ.
926 1445 957 1480 ὃ.
982 1443 1132 1485 τάττειν,
1154 1458 1184 1480 τ.
1208 1445 1239 1480 δ.
1265 1441 1497 1488 πράττεσθαί
1519 1455 1600 1478 τινα
1623 1459 1805 1481 monstrant
1825 1450 1906 1480 ethi
1922 1449 2006 1480 loci:
2027 1450 2130 1482 Dion.

403 1496 484 1524 Exc.
507 1495 606 1536 legatt
638 1508 671 1536 p.
693 1501 757 1527 73⁸.
782 1489 803 1534 ἡ
824 1492 861 1526 δὲ
881 1489 998 1537 βουλὴ
1021 1493 1090 1527 τῶν
1107 1491 1295 1537 Ῥωμαίων
1315 1490 1496 1525 ἀπέστειλε
1519 1489 1604 1532 τοὺς
1622 1490 1845 1537 ἀξιώσαντας
1865 1488 2000 1532 αὐτοῦς
2019 1491 2133 1536 μηδὲν

403 1544 695 1583 παρανομεῖν,
727 1536 819 1574 ἀλλὰ
842 1544 899 1576 καὶ
926 1537 1066 1575 διδόναι
1092 1535 1137 1576 τα
1163 1540 1284 1575 δίκαια
1309 1539 1367 1574 καὶ
1390 1534 1588 1584 λαμβάνειν
1614 1542 1697 1584 (ius
1731 1558 1744 1577 s
1786 1546 1870 1577 iuris
1898 1546 2130 1576 commercium

403 1592 556 1633 praebere
577 1602 608 1622 et
626 1598 798 1634 repetere).
832 1597 1019 1636 Harpocrat.
1039 1607 1073 1626 v.
1094 1587 1260 1634 σύμβολα
1284 1590 1331 1635 (p.
1358 1598 1426 1624 168.
1452 1589 1571 1630 Dind.)
1592 1585 1659 1630 τὰς
1675 1586 1873 1632 συνθήκας,
1896 1586 1940 1629 ἅς
1961 1586 2008 1623 ἄν
2027 1586 2131 1631 ἀλλή-

405 1634 486 1674 λαις
504 1636 543 1668 αι’
565 1632 689 1676 πόλεις
709 1637 863 1680 θέμεναι
880 1635 1034 1671 τάττωσι
1055 1644 1132 1677 τοῖς
1151 1636 1327 1677 πολίταις,
1348 1633 1436 1670 ὥστε
1459 1632 1603 1670 διδόναι
1624 1637 1683 1671 καὶ
1706 1633 1906 1682 λαμβάνειν
1927 1633 1974 1670 τὰ
1998 1635 2129 1671 δίκαια.

402 1689 496 1719 Unde
517 1689 613 1719 etiam
638 1680 784 1720 διδόναι
807 1688 864 1719 καὶ
880 1682 1078 1731 λαμβάνειν
1094 1680 1139 1720 τὰ
1164 1684 1285 1719 δίκαια
1307 1683 1408 1727 περὶ
1425 1681 1496 1718 τῶν
1521 1683 1710 1732 διαφορῶν
1731 1690 1816 1721 dixit
1835 1690 1971 1724 Aristid.
2000 1700 2022 1721 t.
2045 1695 2074 1722 2.
2095 1702 2129 1732 p.

399 1742 483 1775 1³19,
515 1750 616 1779 quum
645 1739 793 1778 Thucyd.
821 1732 850 1767 δ.
877 1745 907 1766 κ.
931 1732 1001 1778 δεχ.
1034 1733 1135 1773 δίκας
1164 1732 1235 1766 τῶν
1261 1732 1449 1778 διαφορῶν
1480 1738 1586 1767 dicere
1622 1749 1750 1780 poterat
1780 1745 1815 1776 1,
1849 1744 1898 1771 40.
1943 1741 2054 1780 Itaque
2079 1751 2130 1780 ap.

401 1787 504 1818 Thuc.
527 1791 559 1823 3,
580 1791 628 1819 56,
653 1779 696 1816 τὸ
725 1780 868 1814 δίκαιον
895 1777 1092 1825 λαμβάνειν
1116 1796 1164 1816 est
1184 1787 1262 1822 „ius
1283 1790 1468 1827 repetere“‚
1489 1786 1528 1816 de
1549 1797 1613 1827 quo
1637 1788 1710 1818 loco
1741 1787 1868 1829 aliquot
1895 1787 2045 1818 virorum
2074 1788 2132 1819 do-

400 1845 529 1867 ctorum
552 1836 727 1867 sententias
748 1835 842 1865 affert
861 1837 984 1876 Poppo.
1014 1837 1046 1866 P.
1071 1839 1099 1869 3.
1122 1838 1162 1868 V.
1186 1839 1216 1866 2.
1245 1846 1278 1877 p.
1303 1840 1371 1869 700.
1419 1836 1584 1874 (Ceterum
1613 1827 1659 1865 τὰ
1684 1830 1805 1865 δίκαια
1826 1836 1920 1866 etiam
1949 1837 2131 1880 significare
2168 1830 2170 1832 .

403 1887 461 1924 „d.
484 1885 769 1928 Rechtsgrtinde“‚
791 1885 871 1914 bene
887 1886 1082 1915 monstravit
1094 1886 1229 1918 Arnold.
1250 1885 1288 1915 ad
1308 1885 1411 1915 Thuc.
1424 1889 1455 1921 3,
1476 1886 1542 1924 44.)
1574 1887 1624 1915 De
1645 1896 1679 1915 re
1698 1894 1808 1916 nostra
1828 1886 1868 1918 cf.
1889 1887 1999 1924 etiam,
2014 1888 2043 1917 si
2063 1887 2131 1929 pla-

402 1945 464 1972 cet,
487 1934 641 1966 Valckeu.
666 1935 704 1964 ad
724 1934 846 1966 Herod.
868 1939 899 1970 5,
923 1937 971 1964 8³.

348 1998 379 2036 1)
404 1995 527 2027 Andoc.
550 2006 577 2027 c.
598 1994 705 2026 Alcib.
730 2005 762 2035 p.
789 1996 853 2024 121.
875 1993 1031 2027 Dinarch.
1056 2005 1082 2027 c.
1108 1996 1200 2027 Dem.
1221 2005 1253 2035 p.
1276 1998 1324 2027 17.
1364 1994 1414 2023 Cf.
1435 1993 1563 2024 Heffter
1585 2005 1607 2034 p
1642 1997 1691 2025 91.
1712 1993 1848 2026 Platner.
1870 2005 1891 2035 p
1928 1998 1991 2025 ¹⁰³.
2025 1996 2131 2027 Hudt-

401 2044 543 2075 walcker
564 2044 601 2073 de
623 2044 749 2075 diaetet.
775 2054 811 2083 p.
834 2046 899 2079 123.
928 2053 999 2083 sqq.
1030 2044 1218 2083 Spanhemii
1245 2043 1316 2073 orb.
1342 2044 1437 2075 Rom.
1459 2046 1489 2079 2,
1513 2046 1558 2074 17.
1585 2048 1631 2084 (p.
1655 2046 1722 2074 313.
1744 2043 1793 2073 ed.
1818 2043 1985 2080 Heinecc.)
2027 2046 2132 2076 Meier

401 2104 432 2125 et
449 2094 576 2124 Schom.
601 2105 631 2134 p.
654 2097 721 2125 774.
762 2092 812 2122 Ad
834 2092 971 2122 eundem
999 2092 1197 2123 iudiciorum
1224 2093 1372 2122 ordinem
1398 2092 1515 2128 refero,
1538 2103 1617 2133 quae
1638 2093 1674 2122 iu
1695 2092 1871 2133 plebiscito
1896 2092 1934 2122 de
1955 2094 2130 2124 Thermen-

402 2144 490 2173 sibns
511 2151 667 2174 caventur
691 2141 711 2171 l.
737 2146 875 2173 :st—61.
917 2143 955 2173 V.
978 2140 1129 2173 Dirksen.
1151 2143 1253 2174 Beitr.
1277 2153 1304 2170 z.
1329 2141 1412 2173 Krit.
1433 2141 1464 2170 d.
1489 2151 1516 2170 r.
1537 2143 1565 2171 R
1597 2144 1624 2171 4.
1646 2152 1679 2182 p.
1700 2145 1874 2173 {ez—2⁰2.

343 2215 377 2250 2)
402 2214 495 2243 Dem.
520 2211 575 2243 Or.
599 2211 637 2241 de
660 2210 775 2241 Halon.
798 2221 829 2251 p.
851 2201 917 2239 οὐκ
940 2202 1127 2238 ἐλυσιτέλει
1148 2201 1313 2250 σύμβολα
1335 2205 1600 2248 ποιησαμένους
1624 2200 1695 2238 οὔτ’
1723 2206 1761 2238 ὲκ
1784 2202 2009 2246 Μακεδονίας
2028 2205 2132 2241 πλεῖν

398 2252 589 2297 Ἀθηιιάζε
616 2254 720 2294 δίκας
746 2253 981 2300 ληψομένους
1008 2262 1038 2285 κ.
1069 2263 1099 2285 τ.
1126 2252 1156 2286 λ.
1207 2262 1313 2300 Atque
1340 2259 1385 2288 ita
1413 2259 1510 2289 etiam
1536 2258 1671 2299 Antiph.
1694 2258 1731 2288 de
1757 2258 1848 2288 caede
1867 2259 1989 2290 Herod.
2009 2271 2041 2301 p.
2063 2263 2130 2294 ⁷4³.

402 2310 525 2346 locum,
549 2310 604 2350 qui
628 2308 833 2339 difictllimus
858 2316 1004 2349 putatur,
1026 2306 1120 2338 facile
1140 2308 1414 2350 interpretaberis-

345 2373 379 2407 ³)
403 2372 437 2401 Ρ.
462 2374 528 2400 ξιιμ

343 2436 376 2469 4)
398 2434 443 2461 Ita
465 2432 581 2462 delicta
602 2444 616 2462 a
639 2432 739 2462 sociis
762 2432 796 2460 in
818 2430 1067 2461 Atheniensium
1090 2429 1321 2470 rempublicam
1347 2429 1519 2459 commissa
1539 2429 1676 2459 Athenis
1698 2427 1972 2465 diiudicabantur‚
1994 2430 2128 2459 fortasse

401 2481 496 2510 etiam
519 2482 627 2511 omnia
650 2481 897 2522 peregrinorum
925 2479 987 2509 alia
1015 2478 1146 2509 delicta.
1191 2478 1253 2511 Iul.
1274 2478 1402 2519 Pollux.
1429 2482 1460 2514 8,
1482 2482 1513 2514 9,
1535 2482 1562 2510 ⁴.
1583 2478 1622 2508 cf.
1645 2482 1676 2514 8,
1698 2478 1747 2508 10.
1788 2478 1838 2507 De
1859 2477 1958 2507 sociis
1979 2477 2129 2518 loquitur

400 2530 537 2571 Antiph.
560 2531 596 2560 de
622 2530 706 2562 caed.
729 2530 848 2563 Herod.
870 2541 902 2571 p.
926 2532 992 2561 182.
1015 2537 1046 2558 et
1067 2527 1106 2561 al.
