2221 2725
1017 110 1091 156 131

133 239 282 289 mita,
310 234 457 273 obsides
478 235 637 284 accepti,
667 241 770 272 arma
798 234 987 284 adempta,
1016 233 1150 284 captivi
1182 232 1250 270 sub
1274 242 1406 270 corona
1428 232 1582 280 venditi,
1609 235 1756 273 urbibus
1780 237 1967 286 praesit&

130 305 296 354 imposita
317 306 442 340 essent
455 299 509 351 ¹).
546 302 613 339 Sin
632 313 709 350 pax
729 303 850 350 fiebat,
873 314 918 339 ea
942 302 1003 339 vel
1027 301 1248 339 induciarum
1267 301 1408 336 nomine
1427 300 1581 337 inibatur
1592 298 1636 350 ²)
1658 304 1718 340 vel
1742 303 1964 357 suedan-⁶³),

133 372 230 424 quod
254 373 318 409 aut
339 370 495 419 iniquum
504 366 572 420 ⁴),
603 372 667 407 aut
696 379 851 417 aequum
862 366 905 418 5]
936 368 1050 406 fuisse
1083 371 1236 406 constat.
1284 365 1421 412 Quodsi
1448 367 1558 417 igitur
1589 377 1637 405 ex
1665 380 1783 419 aequo
1811 372 1964 414 foedere

131 451 252 479 rerum
287 449 354 487 per
394 437 666 475 conventionem
707 435 972 473 reddendarum
1011 435 1364 485 repetendarumque
1395 438 1433 471 et
1465 436 1752 487 possessionum,
1794 441 1826 476 si
1866 454 1963 491 quw

130 507 297 545 turbatae
320 505 416 542 bello
440 504 613 552 fuissent,
642 502 964 556 componendarum
987 503 1051 540 lex
1073 503 1280 550 dicebatur,
1306 502 1573 549 recuperatorio
1597 503 1726 540 iudicio
1750 517 1849 544 more
1872 512 1962 548 satis

129 575 275 612 vetusto
303 571 486 622 agendum
510 574 599 607 erat.
645 571 806 619 Eiusque
830 570 948 606 iudicii
975 580 1085 607 causa
1109 580 1181 606 non
1211 570 1248 605 in
1272 569 1351 605 solo
1379 568 1548 616 foedere,
1577 569 1643 606 sed
1674 571 1711 607 in
1739 583 1858 622 aequa
1883 578 1961 615 eius

129 640 331 680 conditione
354 641 466 686 atque
485 638 522 673 in
547 637 740 674 amicitia
760 637 945 675 servanda
968 638 1084 685 posita
1107 636 1183 673 fuit.
1229 637 1323 673 Iuris
1344 639 1465 672 autem
1490 636 1628 684 antiqui
1650 637 1821 690 formula,
1855 654 1963 691 quam

129 707 255 747 Livius
265 702 309 756 ὅ)
335 707 608 754 commemorat,
639 704 736 741 haud
764 704 872 741 dubie
896 703 1021 741 adius
1047 703 1177 741 feciale
1200 704 1357 753 pertinet
1367 699 1430 752 ⁷),
1464 702 1561 751 quod
1597 715 1703 752 quum
1730 707 1883 747 Romani
1912 713 1960 750 ab

127 774 336 824 Aequicolis
355 772 418 809 vel
437 771 671 821 Ardeatibus,
693 770 814 808 Oscae
833 766 956 820 gentis
972 772 1124 821 populis,
1147 771 1354 809 derivarent
1364 766 1422 817 ⁸),
1445 780 1565 818 eoque
1587 775 1761 810 communi
1783 787 1862 813 cum
1882 779 1962 816 La-

127 843 212 881 tinis
221 837 266 890 ⁹)
294 844 332 878 et
355 838 576 876 Samnitibus
589 835 654 887 ¹0)
677 841 874 887 uterentur,
899 839 1008 875 ctiam
1028 839 1294 886 recuperatoria
1317 840 1447 876 iudicia
1471 840 1515 876 iis
1533 850 1611 876 cum
1635 841 1717 878 aliis
1739 842 1869 881 ltaliae
1893 858 1961 889 no-

127 910 223 961 pulis
247 905 444 945 communia
463 903 589 953 fuisse,
614 915 637 941 a
660 915 749 942 vero
771 915 842 941 non
865 905 1038 942 absonum
1061 905 1251 954 videbitur,
1277 907 1441 954 quamvis
1463 916 1510 943 ne
1531 907 1583 942 ita
1607 907 1752 955 quidem
1776 910 1961 951 fetialibus

126 980 165 1016 in
183 975 322 1015 iudiciis
344 972 622 1021 recuperatoriis
643 984 770 1010 munus
790 972 988 1020 adscribes,
1013 973 1107 1020 quod
1129 974 1173 1010 iis
1194 975 1396 1023 assignavit
1420 974 1651 1012 Collmannus
1665 980 1677 999 ¹
1693 973 1751 1025 ¹).
1789 978 1961 1020 Ceterum

127 1044 345 1095 „utriusque
373 1040 487 1088 partis
519 1035 836 1088 commodumst
866 1040 914 1077 ab
939 1030 1320 1090 eodem'auctor012)
1352 1045 1602 1090 monstratum,
1639 1044 1675 1079 in
1699 1055 1812 1084 causa
1835 1055 1961 1088 nostra

126 1111 405 1159 haudquaquam
427 1106 688 1157 negligendum
713 1107 791 1142 erit.

300 1173 380 1211 Sed
397 1176 514 1209 utrum
531 1183 576 1209 ea
599 1172 727 1209 iudicia
748 1173 857 1210 etiam
880 1173 928 1210 ad
945 1173 1090 1210 tertium
1105 1173 1191 1210 illud
1217 1173 1402 1212 foederum
1421 1186 1539 1225 genus
1560 1178 1807 1229 pertinuerint,
1834 1193 1956 1234 quum,

126 1245 189 1294 qui
212 1243 337 1280 hostes
356 1250 535 1287 nunquam
560 1238 703 1286 fuerint,
728 1238 775 1275 ad
800 1240 989 1276 amicitiam
1009 1240 1167 1277 sociali
1191 1241 1340 1279 foedere
1360 1243 1454 1279 inter
1473 1253 1516 1279 se
1545 1244 1762 1293 iungendam
1794 1249 1956 1300 coierint,

126 1312 200 1349 alia
225 1307 387 1358 quaestio
419 1309 486 1342 est.
535 1304 637 1350 Quae
661 1309 782 1342 tamen
809 1316 831 1342 e
855 1306 957 1342 Festi
980 1307 1123 1356 verbis,
1156 1307 1203 1344 dc
1229 1308 1325 1345 bello
1349 1312 1475 1358 gesto,
1507 1310 1592 1346 nihil
1620 1312 1808 1361 addentis,
1842 1320 1881 1352 et
1907 1329 1957 1355 ex

126 1378 208 1416 aliis
229 1372 452 1426 argumentis
476 1382 499 1408 a
522 1368 714 1420 Senium)
740 1371 877 1419 altatis,
902 1372 939 1407 in
959 1372 1089 1420 quibus
1111 1377 1195 1410 sunt
1219 1374 1329 1425 leges
1350 1374 1499 1411 secundi
1522 1376 1679 1414 foederis
1701 1379 1795 1416 inter
1817 1382 1957 1422 Rom-

125 1457 193 1483 nos
227 1446 265 1481 et
301 1438 623 1489 Carthaginienses
637 1435 701 1488 ¹⁴]
737 1439 818 1488 icti,
858 1449 926 1476 nec
960 1450 1031 1475 non
1067 1441 1163 1490 eius,
1205 1442 1300 1490 quod
1336 1443 1490 1480 Romani
1524 1454 1602 1481 cum
1636 1445 1813 1484 Antiocho
1836 1434 1955 1490 'fece-

182 1589 219 1626 1)
242 1586 292 1618 Cf.
310 1584 390 1615 Liv.
410 1586 441 1618 4,
462 1585 510 1612 84.
531 1587 562 1618 5,
584 1587 630 1615 21.
655 1587 703 1615 22.
724 1588 754 1619 6,
777 1587 804 1613 4.
826 1587 874 1613 13.
900 1587 930 1619 7,
953 1587 1001 1615 19.
1022 1587 1069 1612 27.
1090 1587 1140 1619 23,
1162 1587 1209 1615 37.
1231 1588 1280 1621 24,
1304 1590 1349 1618 16.
1371 1587 1457 1616 Caes.
1478 1588 1516 1618 B.
1531 1588 1569 1620 G.
1589 1591 1620 1623 8,
1643 1592 1690 1620 16.
1722 1591 1790 1620 Cic.
1812 1593 1848 1622 in
1861 1596 1955 1630 Verr,

239 1639 271 1672 5,
292 1636 341 1664 30.
376 1630 518 1671 Dionys.
539 1633 570 1667 4,
592 1635 639 1660 50.
673 1631 787 1672 Polyb.
808 1635 858 1668 10,
883 1634 927 1664 16.
955 1631 1083 1672 Ioseph.
1104 1632 1145 1664 Β.
1165 1632 1237 1667 Iud,
1255 1637 1286 1670 6,
1309 1637 1339 1671 9,
1360 1637 1388 1667 4,
1410 1638 1439 1671 7,
1461 1640 1492 1672 5,
1516 1639 1544 1665 6.
1568 1637 1656 1669 Serv.
1676 1636 1714 1666 ad
1733 1640 1814 1669 Aen.
1834 1646 1864 1678 2,
1886 1648 1955 1679 eu,

239 1686 309 1714 351.
347 1682 461 1711 Festus
480 1691 513 1712 v.
533 1680 735 1722 peregrinus.
764 1681 834 1714 Gai.
860 1684 890 1718 2,
918 1684 965 1714 69,
999 1682 1053 1711 fr.
1088 1686 1116 1714 5,
1150 1684 1168 1720 §
1201 1686 1232 1715 7,
1256 1694 1306 1723 Pr„
1337 1683 1414 1726 1313,
1442 1684 1479 1714 de
1511 1679 1769 1725 acquir-*rerum
1803 1690 1954 1725 dominio

241 1734 318 1770 (ιι,
343 1731 408 1769 1.).

183 1790 875 1830 2)Liv.1‚.,.‚.1⁵2545827‚.2022.

184 1853 218 1890 a)
243 1847 338 1891 Quod
357 1845 585 1887 antiquissimo
608 1840 750 1885 tempore
770 1847 864 1887 pulis
889 1848 1088 1890 sagminibus
1110 1849 1263 1879 adhibitis
1286 1858 1316 1879 et
1336 1849 1438 1879 tribus
1461 1849 1595 1879 testibus
1619 1854 1840 1891 praesentibus
1863 1859 1956 1896 (Lim

241 1904 271 1935 1,
294 1899 360 1933 32.)
384 1905 442 1936 per
461 1903 584 1936 patrem
610 1903 770 1935 patratum
791 1895 934 1927 icebatur
961 1897 1054 1934 (Liv.
1081 1901 1110 1934 1,
1131 1901 1179 1929 24.
1202 1902 1232 1936 9,
1255 1903 1314 1935 5.,)
1335 1898 1448 1929 deinde
1470 1898 1681 1939 stipulatione
1702 1902 1796 1933 fiebat
1818 1907 1905 1942 (Gai
1925 1914 1958 1947 ³,

239 1950 317 1983 24„)
342 1944 511 1984 deniquex
500 1943 586 1973 nudo
608 1952 704 1983 pacto
730 1955 753 1975 s.
777 1944 860 1974 nuda
881 1946 1167 1976 conventione
1193 1947 1346 1977 inibatur.

183 2010 217 2043 4)
241 2006 320 2037 Lw.
338 2006 389 2039 35,
410 2002 458 2032 46.
480 2004 527 2034 38.
549 2004 596 2034 11.
617 2000 731 2041 Polyb
754 2005 783 2038 1,
804 2005 852 2035 16.
874 2006 925 2039 22,
948 2007 997 2033 15.
1019 2004 1088 2034 Cic.
1109 2016 1141 2045 p.
1162 2004 1263 2035 Balbo
1286 2008 1333 2035 16.

183 2068 217 2106 5)
240 2064 320 2096 Liv.
345 2065 396 2098 34,
423 2064 472 2095 57.
500 2060 541 2091 ct'.
562 2063 612 2097 26,
639 2062 690 2092 24.
717 2063 767 2098 33,
793 2063 842 2092 13.
881 2063 1015 2104 Iosephi
1034 2064 1171 2105 Antiqq.
1197 2064 1267 2094 Iud.
1292 2067 1337 2101 12,
1360 2067 1409 2100 10,
1431 2067 1460 2094 6.
1500 2066 1641 2106 Appian.
1663 2067 1702 2098 de
1727 2068 1815 2101 bello
1837 2074 1902 2108 civ
1927 2080 1959 2113 4,

259 2118 288 2145 5.
305 2128 345 2136 -·
363 2114 413 2141 70.

184 2165 217 2202 e)
239 2118 291 2199 ξι,
312 2164 361 2191 57.

183 2215 217 2252 7)
242 2212 291 2242 Cf.
312 2211 411 2242 Dion.
429 2210 461 2245 ⁶2,
480 2211 528 2238 72.
550 2208 599 2248 (p.
621 2209 689 2238 131.
711 2206 819 2248 Sylb.)
854 2209 934 2240 Liv.
955 2213 985 2247 1,
1006 2213 1056 2243 32.
1081 2213 1171 2245 Varr.
1196 2223 1245 2248 ap.
1272 2211 1358 2242 Non.
1384 2212 1531 2243 Marcell.
1560 2226 1588 2244 c.
1617 2218 1666 2246 12.
1692 2221 1740 2258 (p,
1761 2222 1829 2251 788,
1851 2224 1958 2255 Auem

240 2261 264 2293 l.
281 2261 321 2293 L,
343 2258 523 2296 Gotliofr).

184 2314 218 2346 8)
241 2310 319 2340 Liv.
341 2308 365 2341 l.
387 2308 412 2338 1.
431 2306 534 2337 Dion.
555 2305 579 2338 l.
602 2304 625 2338 l.
648 2315 679 2336 et
698 2310 730 2342 1,
752 2310 799 2339 21.
821 2308 909 2341 Serv.
931 2307 970 2337 ad
988 2310 1068 2339 Aen.
1089 2313 1119 2346 7,
1143 2313 1209 2339 695.
1230 2313 1280 2346 10,
1301 2313 1349 2345 14,

183 2363 217 2396 9)
240 2360 319 2390 Liv.
343 2358 368 2391 1.
392 2357 416 2390 l.
436 2366 467 2387 et
486 2359 518 2394 1,
542 2359 590 2388 24.
1048 2363 1100 2395 1⁰)
1123 2359 1202 2388 Liv.
1225 2361 1256 2395 8,
1277 2362 1327 2396 39,
1349 2363 1378 2390 1.

164 2412 217 2444 11)
240 2420 276 2449 P.
298 2412 348 2438 28.
373 2418 445 2449 sqq.
467 2408 509 2438 cf.
531 2406 608 2439 Sell.
627 2417 660 2447 p.
685 2409 752 2436 139.
777 2417 848 2446 sqq.
1041 2410 1094 2444 12)
1117 2408 1195 2439 Liv.
1219 2410 1268 2443 34,
1290 2412 1339 2438 57.

164 2461 218 2494 13)
240 2469 274 2498 P·
295 2461 342 2491 so,
364 2467 437 2508 sqq,
1047 2459 1098 2493 14)
1124 2456 1224 2504 C¹¹i.¹¹⁵
1245 2457 1342 2488 verba
1366 2470 1381 2488 a
1402 2458 1541 2502 Polybio
1565 2472 1687 2494 serv-‘tta
1708 2475 1783 2496 sunt
1802 2470 1833 2504 3,
1855 2471 1901 2501 24.
1938 2499 1942 2504 ,
