2223 2769
1156 66 1169 89 ·.
1190 60 1238 97 :s

1144 97 1226 159 ,λη’

271 239 354 278 runt
369 232 433 285 ¹),
464 237 514 274 ita
543 231 650 274 facile
674 235 857 285 solvetur,
889 239 929 274 ut
951 235 1130 274 amicitiae
1154 247 1301 274 causam
1314 232 1361 287 2]
1393 237 1428 273 in
1452 236 1600 274 secundi
1624 236 1775 288 genesis
1793 224 2006 279 foederibus
2026 239 2117 277 coni·

270 305 430 351 spicuam
453 305 562 340 etiam
593 305 627 340 in
652 304 708 340 bis
742 309 780 340 et
805 304 966 341 valuisse
996 308 1033 340 et
1061 305 1251 341 suffecisse
1276 305 1478 342 credamus.
1526 305 1607 341 Nee
1628 304 1722 341 Livii
1741 304 1855 343 locus
1883 306 2116 355 adven-'satim'

271 372 307 408 in
335 383 407 420 qno
431 372 478 409 de
502 371 689 410 foederum
712 372 869 421 legibus,
894 382 990 419 quae
1014 372 1281 418 paciscentibus
1302 373 1447 420 iniquae
1471 372 1530 409 vel
1553 372 1709 409 sintve!
1731 382 1821 409 ωδε
1842 374 1981 420 possint
2002 377 2115 422 atque

271 437 319 474 de
344 438 559 485 reparandis
582 438 717 474 iniuriis
745 438 840 474 bello
865 427 1044 485 acceptis,
1069 448 1164 485 quae
1187 438 1234 475 ad
1261 439 1449 489 singulare
1474 438 1654 487 quoddam
1677 439 1960 486 recuperationis
1982 450 2115 490 genus,

271 505 382 553 idque
416 504 574 542 fortasse
603 505 903 553 antiquissimum,
935 505 1166 542 revocandae
1191 509 1293 555 sunt,
1318 508 1437 543 sermo
1461 506 1634 555 habetur,
1658 504 1779 542 iudicii
1800 516 1892 543 vero
1916 517 2115 555 recupera·-

272 572 352 609 torii
374 568 467 608 fin'es
491 573 633 608 minime
656 572 921 608 describuntur.
968 572 1078 608 Immo
1109 582 1158 609 ex
1182 573 1255 608 alio
1279 574 1463 621 scriptoris
1483 568 1642 621 locist),
1671 572 1759 608 iuris
1778 572 1980 619 praebendi
2002 574 2115 622 repe-

270 638 448 688 tendique
471 639 720 676 commercium
748 639 846 675 nullo
878 637 1030 677 foedere
1069 649 1190 688 neque
1221 640 1398 678 societate
1427 640 1514 677 inita
1544 650 1566 677 e
1595 639 1674 676 sola
1702 639 1857 677 amicitia
1879 626 2114 689 pependisse,

271 706 443 743 docemur
455 703 515 755 4).
564 706 669 742 Unde
694 708 724 741 si
751 717 874 742 earum
898 717 1044 754 quoque
1067 707 1251 756 gentium,
1284 707 1414 754 quibus
1444 707 1511 743 hac
1540 710 1676 743 tantum
1704 706 1881 743 amicitiae
1893 704 1942 755 ⁵)
1964 707 2128 744 conium·

269 775 387 810 ctione
411 785 454 809 se
483 773 705 824 illigaverint
727 773 899 820 Romani,
929 773 1081 821 privatis
1102 772 1200 821 apud
1226 766 1502 822 recuperatores
1533 773 1568 810 in
1593 773 1709 810 civem
1729 772 1867 823 agendi
1890 773 1946 810 ins
1969 772 2112 813 ndacii-

268 839 408 889 bes⁰]‚
435 842 469 877 in
496 851 619 881 errore
644 851 712 875 non
743 840 966 876 versaberis.

443 908 502 955 At,
525 911 706 954 utcunque
729 907 776 943 de
798 907 854 942 his
876 907 1018 954 statuis,
1042 910 1143 943 certe
1165 907 1211 943 ob
1234 908 1360 955 socii,
1384 907 1442 955 qui
1464 906 1679 957 peregrinus
1700 906 1862 957 litigator
1883 911 1975 957 erat,
1995 908 2114 958 inter--⁴

266 977 474 1011 venientem
498 985 555 1022 pe·
565 984 690 1010 sonam
714 975 1021 1022 re'cuperatorium
1047 974 1211 1011 iudicium
1241 973 1364 1022 Scipio
1395 975 1613 1027 constituere
1645 978 1805 1022 poterat,
1835 978 1947 1023 atque
1980 974 2115 1013 eadem·

214 1086 216 1089 Ι
266 1042 376 1090 plane
400 1043 553 1090 ratione,
577 1052 649 1089 qua
675 1041 770 1088 apud
795 1042 938 1078 Atticos
961 1042 1137 1080 sociorum
1164 1037 1259 1089 (τῶν
1275 1038 1468 1091 ὑπηκόων)
1493 1041 1578 1078 lites
1602 1041 1718 1083 δίκαις
1739 1038 1811 1077 ἀπὸ
1835 1030 2028 1088 όυμβόλων
2052 1041 2111 1083 (Ιί-4

265 1112 427 1157 temptas
450 1108 565 1147 fuisse
590 1107 756 1144 vidimus.

440 1174 520 1212 Sed
545 1178 591 1211 ut
608 1174 784 1217 eiusmodi
807 1174 937 1211 iudicia
961 1185 1030 1210 non
1054 1175 1098 1210 ob
1123 1175 1269 1224 civium,
1300 1185 1420 1223 neque
1444 1175 1495 1211 ita
1516 1174 1700 1224 peregrini
1721 1174 1932 1225 litigatoris,
1963 1175 2032 1213 sed
2061 1176 2107 1212 ob

265 1242 446 1290 publicum
470 1242 583 1290 ipsius
600 1242 771 1289 civitatis,
796 1242 831 1278 in
856 1253 927 1289 qua
951 1242 1020 1278 illis
1036 1242 1228 1290 evehatur,
1252 1242 1472 1278 commodum
1493 1241 1638 1278 inducta
1654 1241 1857 1289 credamus,
1881 1252 1961 1279 cum
1985 1246 2023 1280 et
2045 1253 2114 1280 res.

266 1309 347 1358 ipsa
377 1309 511 1346 suadet
538 1312 577 1346 et
605 1309 833 1357 antiquorum
862 1313 1043 1346 auctorum
1073 1310 1205 1357 verba,
1243 1320 1337 1357 quae
1369 1309 1439 1345 iam
1470 1308 1671 1358 attulimus„
1701 1312 1776 1346 tum
1803 1309 1896 1347 haec
1924 1310 2107 1347 sententia

268 1378 377 1414 etiam
402 1377 484 1413 aliis
508 1380 547 1413 et
570 1387 689 1412 rerum
715 1376 857 1423 quidem
883 1376 1093 1412 testimoniis
1116 1376 1248 1412 nititur.

443 1446 537 1482 Nam
560 1444 596 1482 id
630 1446 778 1492 primum
802 1443 994 1479 tenendum
1019 1449 1093 1492 est,
1126 1443 1220 1491 quod
1245 1443 1514 1490 recuperatoris
1542 1427 1672 1480 iudicia
1697 1443 1994 1491 quemadmodum
2019 1444 2116 1493 alia,.
2178 1451 2181 1454 ⁴

264 1522 362 1560 quae
385 1523 407 1548 e
433 1511 611 1559 singulari
635 1511 789 1558 quodam
813 1511 998 1546 Romanae
1021 1511 1176 1547 civitatis
1199 1521 1268 1551 usu
1291 1514 1329 1546 et
1351 1509 1535 1546 commodo
1559 1510 1722 1547 instituta
1748 1521 1834 1547 esse
1858 1511 2002 1559 scimus,
2029 1510 2114 1547 im··.

262 1580 365 1627 perio
390 1578 666 1615 continebantur
680 1574 737 1626 ⁷).
786 1577 976 1625 Imperium
998 1580 1137 1625 autem,
1163 1578 1242 1614 cum
1266 1577 1501 1627 magistratus
1514 1573 1561 1623 ⁸]
1587 1580 1723 1614 tantum
1746 1580 1866 1626 esset,
1891 1581 1930 1615 et
1949 1577 1986 1616 in
2009 1578 2104 1626 aliis,

263 1657 359 1695 quae
385 1647 520 1691 omitto,
544 1650 582 1682 et
603 1646 638 1681 in
662 1645 776 1681 tribus
804 1644 874 1679 illis
898 1644 1021 1680 verbis
1042 1644 1275 1681 sollemnibus
1301 1643 1452 1692 positum
1477 1648 1567 1680 erut.
1613 1644 1673 1680 Ex
1701 1645 1831 1692 quibus
1854 1644 1982 1681 iudicis
2005 1644 2104 1682 datio

262 1726 293 1750 s.
316 1713 436 1750 iudicii
458 1712 577 1762 datio,
606 1721 824 1761 quamquam
848 1711 955 1747 etiam
982 1711 1017 1746 in
1042 1711 1178 1747 iudiciis
1201 1711 1374 1761 legitimis
1399 1714 1497 1759 erat,
1530 1710 1600 1747 huc
1621 1714 1743 1748 tamen
1766 1711 1911 1759 proprie
1933 1712 2102 1760 pertinet,

321 1849 454 1887 1)Liv.
488 1852 540 1886 88,
577 1851 628 1880 38.
682 1850 854 1888 Perperam
892 1846 995 1888 igitur
1027 1846 1238 1877 Collmannus
1273 1845 1505 1887 isopolitarum
1539 1844 1762 1876 conditionem
1795 1845 1833 1876 ad
1859 1846 1981 1877 iudicia
2012 1858 2102 1878 recu-

375 1899 538 1940 peratoris
561 1897 789 1928 constituenda
810 1895 954 1937 postulat
975 1906 995 1936 p
1027 1900 1071 1926 2!v
1094 1897 1133 1929 cf.
1155 1908 1186 1937 p.
1209 1900 1256 1929 2⁷.
1284 1896 1447 1930 Ceterum,
1470 1905 1569 1935 quum
1592 1894 1653 1924 tria
1672 1894 1876 1936 municipum
1897 1906 2012 1937 genera
2032 1898 2100 1926 lue·
2134 1896 2137 1898 ’

375 1949 443 1977 rint
475 1951 527 1986 (v.
548 1949 660 1977 Festus
689 1957 714 1976 s.
743 1948 818 1982 τη),
852 1945 880 1974 si
901 1944 1127 1985 antiquissima
1156 1954 1301 1986 tempora
1328 1952 1451 1985 spectas
1485 1943 1654 1984 „primum
1677 1952 1714 1974 et
1740 1943 2098 1977 secundumeoram

375 2008 490 2039 genus,
513 2007 594 2037 quos
616 1995 701 2027 Gell.
726 1999 791 2030 (16,
818 1996 879 2029 1³.)
901 1994 1037 2034 proprio
1059 1994 1191 2024 nomine
1213 1994 1396 2034 municipes
1419 1992 1508 2028 facit,
1533 1992 1596 2022 huc
1617 1993 1745 2026 referas,

317 2059 351 2085 εδ
376 2057 439 2085 Cui
461 2055 693 2084 commercium
715 2054 804 2084 addit
825 2053 902 2084 Liv.
925 2056 974 2086 «ss,
997 2055 1043 2084 2³.
1183 2055 1216 2082 81
1237 2053 1314 2084 Liv.
1337 2056 1387 2088 41,
1409 2054 1456 2083 24.

316 2117 349 2151 4)
374 2116 423 2144 De
446 2114 574 2144 Graecis
597 2113 693 2154 quido·
696 2124 727 2142 m
751 2104 897 2152 scriptor
915 2110 1231 2153 agit,sed1{omani
1249 2110 1331 2141 iuris
1353 2109 1521 2140 vocabulis
1544 2110 1658 2141 utitur.

316 2186 349 2221 ὁ)
375 2185 432 2222 Qu
429 2194 461 2211 ‘le
489 2194 532 2222 (ιι
534 2194 582 2211 am
612 2182 702 2211 dive1
692 2193 740 2211 isa
752 2193 778 2211 a
807 2181 961 2210 societate
983 2180 1092 2215 fuerit,
1118 2191 1191 2220 prae
1219 2179 1293 2209 aliis
1313 2179 1482 2220 Appianas
1503 2178 1596 2208 docet
1621 2179 1659 2209 de
1687 2178 1751 2212 reb
1779 2178 1864 2209 Gall.
1889 2182 1936 2210 1³.
1968 2173 2100 2220 φίλους

373 2232 528 2269 (amicos)
550 2240 580 2261 et
603 2235 817 2269 συμμαχους
842 2229 983 2268 (socios)
1006 2229 1117 2259 stricte
1138 2229 1333 2261 discernens

313 2293 346 2328 fr)
372 2291 522 2320 Ceterum
544 2302 592 2320 am
596 2290 657 2320 icis
678 2290 752 2330 ipso
778 2290 849 2319 iure
870 2289 1020 2330 hospites
1042 2288 1192 2329 publicos
1214 2288 1319 2319 addes.
1350 2286 1489 2325 Walter,
1514 2289 1552 2319 R.
1573 2289 1612 2318 R.
1633 2299 1665 2329 p.
1686 2291 1735 2318 58.

315 2353 348 2385 7)
374 2349 443 2378 Gai.
469 2352 499 2385 4,
525 2352 588 2381 10³.

312 2411 345 2447 8)
370 2410 420 2439 Fr.
442 2412 509 2441 21³.
529 2409 571 2440 D.
593 2407 630 2437 de
651 2407 739 2447 verb.
761 2408 844 2450 sign.
868 2412 933 2444 (³⁰,
957 2406 1032 2440 lc.).
1059 2406 1180 2437 Iudicis
1201 2415 1298 2447 atque
1319 2406 1524 2448 magistratus
1547 2405 1653 2436 solum
1676 2405 1870 2436 officium
1892 2400 1968 2439 erat.
1990 2406 2029 2438 of.
2050 2405 2094 2438 D.

371 2458 436 2491 titt.
458 2457 496 2488 de
517 2457 574 2490 off.
595 2467 694 2499 praet.
717 2460 763 2498 (Ι,
789 2460 851 2497 u.)
876 2467 907 2488 et
929 2457 967 2488 de
988 2456 1044 2490 off.
1065 2455 1146 2493 eius,
1168 2456 1222 2487 cui
1243 2456 1349 2490 mand.
1371 2465 1419 2486 est
1439 2456 1554 2489 iurisd.
1579 2460 1627 2496 (Ι,
1645 2458 1724 2492 81.)-
